%YAML 1.1
%TAG !u! tag:unity3d.com,2011:
--- !u!29 &1
OcclusionCullingSettings:
  m_ObjectHideFlags: 0
  serializedVersion: 2
  m_OcclusionBakeSettings:
    smallestOccluder: 5
    smallestHole: 0.25
    backfaceThreshold: 100
  m_SceneGUID: 00000000000000000000000000000000
  m_OcclusionCullingData: {fileID: 0}
--- !u!104 &2
RenderSettings:
  m_ObjectHideFlags: 0
  serializedVersion: 9
  m_Fog: 0
  m_FogColor: {r: 0.5, g: 0.5, b: 0.5, a: 1}
  m_FogMode: 3
  m_FogDensity: 0.01
  m_LinearFogStart: 0
  m_LinearFogEnd: 300
  m_AmbientSkyColor: {r: 0.212, g: 0.227, b: 0.259, a: 1}
  m_AmbientEquatorColor: {r: 0.114, g: 0.125, b: 0.133, a: 1}
  m_AmbientGroundColor: {r: 0.047, g: 0.043, b: 0.035, a: 1}
  m_AmbientIntensity: 1
  m_AmbientMode: 0
  m_SubtractiveShadowColor: {r: 0.42, g: 0.478, b: 0.627, a: 1}
  m_SkyboxMaterial: {fileID: 10304, guid: 0000000000000000f000000000000000, type: 0}
  m_HaloStrength: 0.5
  m_FlareStrength: 1
  m_FlareFadeSpeed: 3
  m_HaloTexture: {fileID: 0}
  m_SpotCookie: {fileID: 10001, guid: 0000000000000000e000000000000000, type: 0}
  m_DefaultReflectionMode: 0
  m_DefaultReflectionResolution: 128
  m_ReflectionBounces: 1
  m_ReflectionIntensity: 1
  m_CustomReflection: {fileID: 0}
  m_Sun: {fileID: 0}
  m_IndirectSpecularColor: {r: 0.37311992, g: 0.38074034, b: 0.35872713, a: 1}
  m_UseRadianceAmbientProbe: 0
--- !u!157 &3
LightmapSettings:
  m_ObjectHideFlags: 0
  serializedVersion: 11
  m_GIWorkflowMode: 0
  m_GISettings:
    serializedVersion: 2
    m_BounceScale: 1
    m_IndirectOutputScale: 1
    m_AlbedoBoost: 1
    m_TemporalCoherenceThreshold: 1
    m_EnvironmentLightingMode: 0
    m_EnableBakedLightmaps: 1
    m_EnableRealtimeLightmaps: 1
  m_LightmapEditorSettings:
    serializedVersion: 10
    m_Resolution: 2
    m_BakeResolution: 40
    m_AtlasSize: 1024
    m_AO: 0
    m_AOMaxDistance: 1
    m_CompAOExponent: 1
    m_CompAOExponentDirect: 0
    m_Padding: 2
    m_LightmapParameters: {fileID: 0}
    m_LightmapsBakeMode: 1
    m_TextureCompression: 1
    m_FinalGather: 0
    m_FinalGatherFiltering: 1
    m_FinalGatherRayCount: 256
    m_ReflectionCompression: 2
    m_MixedBakeMode: 1
    m_BakeBackend: 0
    m_PVRSampling: 1
    m_PVRDirectSampleCount: 32
    m_PVRSampleCount: 500
    m_PVRBounces: 2
    m_PVRFilterTypeDirect: 0
    m_PVRFilterTypeIndirect: 0
    m_PVRFilterTypeAO: 0
    m_PVRFilteringMode: 1
    m_PVRCulling: 1
    m_PVRFilteringGaussRadiusDirect: 1
    m_PVRFilteringGaussRadiusIndirect: 5
    m_PVRFilteringGaussRadiusAO: 2
    m_PVRFilteringAtrousPositionSigmaDirect: 0.5
    m_PVRFilteringAtrousPositionSigmaIndirect: 2
    m_PVRFilteringAtrousPositionSigmaAO: 1
    m_ShowResolutionOverlay: 1
  m_LightingDataAsset: {fileID: 0}
  m_UseShadowmask: 0
--- !u!196 &4
NavMeshSettings:
  serializedVersion: 2
  m_ObjectHideFlags: 0
  m_BuildSettings:
    serializedVersion: 2
    agentTypeID: 0
    agentRadius: 0.5
    agentHeight: 2
    agentSlope: 45
    agentClimb: 0.4
    ledgeDropHeight: 0
    maxJumpAcrossDistance: 0
    minRegionArea: 2
    manualCellSize: 0
    cellSize: 0.16666667
    manualTileSize: 0
    tileSize: 256
    accuratePlacement: 0
    debug:
      m_Flags: 0
  m_NavMeshData: {fileID: 0}
--- !u!114 &13018160 stripped
MonoBehaviour:
  m_PrefabParentObject: {fileID: 114414497132418382, guid: 0847309a5d8df4536867aa60bed37d63,
    type: 2}
  m_PrefabInternal: {fileID: 126166165}
  m_Script: {fileID: 11500000, guid: 5547955938c5444878001ae57695a3a2, type: 3}
--- !u!1001 &126166165
Prefab:
  m_ObjectHideFlags: 0
  serializedVersion: 2
  m_Modification:
    m_TransformParent: {fileID: 0}
    m_Modifications:
    - target: {fileID: 4841661631865990, guid: 0847309a5d8df4536867aa60bed37d63, type: 2}
      propertyPath: m_LocalPosition.x
      value: 0
      objectReference: {fileID: 0}
    - target: {fileID: 4841661631865990, guid: 0847309a5d8df4536867aa60bed37d63, type: 2}
      propertyPath: m_LocalPosition.y
      value: 0
      objectReference: {fileID: 0}
    - target: {fileID: 4841661631865990, guid: 0847309a5d8df4536867aa60bed37d63, type: 2}
      propertyPath: m_LocalPosition.z
      value: 0
      objectReference: {fileID: 0}
    - target: {fileID: 4841661631865990, guid: 0847309a5d8df4536867aa60bed37d63, type: 2}
      propertyPath: m_LocalRotation.x
      value: 0
      objectReference: {fileID: 0}
    - target: {fileID: 4841661631865990, guid: 0847309a5d8df4536867aa60bed37d63, type: 2}
      propertyPath: m_LocalRotation.y
      value: 0
      objectReference: {fileID: 0}
    - target: {fileID: 4841661631865990, guid: 0847309a5d8df4536867aa60bed37d63, type: 2}
      propertyPath: m_LocalRotation.z
      value: 0
      objectReference: {fileID: 0}
    - target: {fileID: 4841661631865990, guid: 0847309a5d8df4536867aa60bed37d63, type: 2}
      propertyPath: m_LocalRotation.w
      value: 1
      objectReference: {fileID: 0}
    - target: {fileID: 4841661631865990, guid: 0847309a5d8df4536867aa60bed37d63, type: 2}
      propertyPath: m_RootOrder
      value: 18
      objectReference: {fileID: 0}
    - target: {fileID: 212352109864724200, guid: 0847309a5d8df4536867aa60bed37d63,
        type: 2}
      propertyPath: m_Enabled
      value: 0
      objectReference: {fileID: 0}
    - target: {fileID: 1519394423414924, guid: 0847309a5d8df4536867aa60bed37d63, type: 2}
      propertyPath: m_Name
      value: Done
      objectReference: {fileID: 0}
    - target: {fileID: 114414497132418382, guid: 0847309a5d8df4536867aa60bed37d63,
        type: 2}
      propertyPath: dialogue.Array.data[0]
      value: Done
      objectReference: {fileID: 0}
    - target: {fileID: 114414497132418382, guid: 0847309a5d8df4536867aa60bed37d63,
        type: 2}
      propertyPath: freezeGameplay
      value: 1
      objectReference: {fileID: 0}
    m_RemovedComponents: []
  m_ParentPrefab: {fileID: 100100000, guid: 0847309a5d8df4536867aa60bed37d63, type: 2}
  m_IsPrefabParent: 0
--- !u!114 &160350038 stripped
MonoBehaviour:
  m_PrefabParentObject: {fileID: 114414497132418382, guid: 0847309a5d8df4536867aa60bed37d63,
    type: 2}
  m_PrefabInternal: {fileID: 1858081329}
  m_Script: {fileID: 11500000, guid: 5547955938c5444878001ae57695a3a2, type: 3}
--- !u!114 &174393446 stripped
MonoBehaviour:
  m_PrefabParentObject: {fileID: 114414497132418382, guid: 0847309a5d8df4536867aa60bed37d63,
    type: 2}
  m_PrefabInternal: {fileID: 666689946}
  m_Script: {fileID: 11500000, guid: 5547955938c5444878001ae57695a3a2, type: 3}
--- !u!4 &192335032
Transform:
  m_ObjectHideFlags: 0
  m_PrefabParentObject: {fileID: 4904537299346864, guid: e048f7e225daa484c9392e95c9a1cb81,
    type: 2}
  m_PrefabInternal: {fileID: 0}
  m_GameObject: {fileID: 1951190024}
  m_LocalRotation: {x: -0, y: -0, z: -0, w: 1}
  m_LocalPosition: {x: 16.643549, y: 8.940059, z: 0}
  m_LocalScale: {x: 1, y: 1, z: 1}
  m_Children: []
  m_Father: {fileID: 1037969487}
  m_RootOrder: 1
  m_LocalEulerAnglesHint: {x: 0, y: 0, z: 0}
--- !u!114 &388285828 stripped
MonoBehaviour:
  m_PrefabParentObject: {fileID: 114414497132418382, guid: 0847309a5d8df4536867aa60bed37d63,
    type: 2}
  m_PrefabInternal: {fileID: 1861837402}
  m_Script: {fileID: 11500000, guid: 5547955938c5444878001ae57695a3a2, type: 3}
--- !u!1001 &389436070
Prefab:
  m_ObjectHideFlags: 0
  serializedVersion: 2
  m_Modification:
    m_TransformParent: {fileID: 0}
    m_Modifications:
    - target: {fileID: 4855791707821074, guid: e7c511a5d6c6245608a3f19b3c707dbc, type: 2}
      propertyPath: m_LocalPosition.x
      value: 0
      objectReference: {fileID: 0}
    - target: {fileID: 4855791707821074, guid: e7c511a5d6c6245608a3f19b3c707dbc, type: 2}
      propertyPath: m_LocalPosition.y
      value: 15
      objectReference: {fileID: 0}
    - target: {fileID: 4855791707821074, guid: e7c511a5d6c6245608a3f19b3c707dbc, type: 2}
      propertyPath: m_LocalPosition.z
      value: 0
      objectReference: {fileID: 0}
    - target: {fileID: 4855791707821074, guid: e7c511a5d6c6245608a3f19b3c707dbc, type: 2}
      propertyPath: m_LocalRotation.x
      value: 0
      objectReference: {fileID: 0}
    - target: {fileID: 4855791707821074, guid: e7c511a5d6c6245608a3f19b3c707dbc, type: 2}
      propertyPath: m_LocalRotation.y
      value: 0
      objectReference: {fileID: 0}
    - target: {fileID: 4855791707821074, guid: e7c511a5d6c6245608a3f19b3c707dbc, type: 2}
      propertyPath: m_LocalRotation.z
      value: 0
      objectReference: {fileID: 0}
    - target: {fileID: 4855791707821074, guid: e7c511a5d6c6245608a3f19b3c707dbc, type: 2}
      propertyPath: m_LocalRotation.w
      value: 1
      objectReference: {fileID: 0}
    - target: {fileID: 4855791707821074, guid: e7c511a5d6c6245608a3f19b3c707dbc, type: 2}
      propertyPath: m_RootOrder
      value: 2
      objectReference: {fileID: 0}
    - target: {fileID: 212261161974074162, guid: e7c511a5d6c6245608a3f19b3c707dbc,
        type: 2}
      propertyPath: m_SortingOrder
      value: -150
      objectReference: {fileID: 0}
    - target: {fileID: 212028554863707612, guid: e7c511a5d6c6245608a3f19b3c707dbc,
        type: 2}
      propertyPath: m_SortingOrder
      value: -150
      objectReference: {fileID: 0}
    m_RemovedComponents: []
  m_ParentPrefab: {fileID: 100100000, guid: e7c511a5d6c6245608a3f19b3c707dbc, type: 2}
  m_IsPrefabParent: 0
--- !u!43 &554557374
Mesh:
  m_ObjectHideFlags: 0
  m_PrefabParentObject: {fileID: 0}
  m_PrefabInternal: {fileID: 0}
  m_Name: 
  serializedVersion: 8
  m_SubMeshes:
  - serializedVersion: 2
    firstByte: 0
    indexCount: 6
    topology: 0
    baseVertex: 0
    firstVertex: 0
    vertexCount: 4
    localAABB:
      m_Center: {x: 0, y: 0, z: 0}
      m_Extent: {x: 1, y: 1, z: 0}
  m_Shapes:
    vertices: []
    shapes: []
    channels: []
    fullWeights: []
  m_BindPose: []
  m_BoneNameHashes: 
  m_RootBoneNameHash: 0
  m_MeshCompression: 0
  m_IsReadable: 1
  m_KeepVertices: 1
  m_KeepIndices: 1
  m_IndexFormat: 0
  m_IndexBuffer: 030002000100010000000300
  m_Skin: []
  m_VertexData:
    serializedVersion: 2
    m_VertexCount: 4
    m_Channels:
    - stream: 0
      offset: 0
      format: 0
      dimension: 3
    - stream: 0
      offset: 0
      format: 0
      dimension: 0
    - stream: 0
      offset: 0
      format: 0
      dimension: 0
    - stream: 0
      offset: 0
      format: 0
      dimension: 0
    - stream: 0
      offset: 12
      format: 0
      dimension: 2
    - stream: 0
      offset: 0
      format: 0
      dimension: 0
    - stream: 0
      offset: 0
      format: 0
      dimension: 0
    - stream: 0
      offset: 0
      format: 0
      dimension: 0
    - stream: 0
      offset: 0
      format: 0
      dimension: 0
    - stream: 0
      offset: 0
      format: 0
      dimension: 0
    - stream: 0
      offset: 0
      format: 0
      dimension: 0
    - stream: 0
      offset: 0
      format: 0
      dimension: 0
    m_DataSize: 80
    _typelessdata: 000080bf0000803f00000000000080bf0000803f000080bf000080bf00000000000080bf000080bf0000803f000080bf000000000000803f000080bf0000803f0000803f000000000000803f0000803f
  m_CompressedMesh:
    m_Vertices:
      m_NumItems: 0
      m_Range: 0
      m_Start: 0
      m_Data: 
      m_BitSize: 0
    m_UV:
      m_NumItems: 0
      m_Range: 0
      m_Start: 0
      m_Data: 
      m_BitSize: 0
    m_Normals:
      m_NumItems: 0
      m_Range: 0
      m_Start: 0
      m_Data: 
      m_BitSize: 0
    m_Tangents:
      m_NumItems: 0
      m_Range: 0
      m_Start: 0
      m_Data: 
      m_BitSize: 0
    m_Weights:
      m_NumItems: 0
      m_Data: 
      m_BitSize: 0
    m_NormalSigns:
      m_NumItems: 0
      m_Data: 
      m_BitSize: 0
    m_TangentSigns:
      m_NumItems: 0
      m_Data: 
      m_BitSize: 0
    m_FloatColors:
      m_NumItems: 0
      m_Range: 0
      m_Start: 0
      m_Data: 
      m_BitSize: 0
    m_BoneIndices:
      m_NumItems: 0
      m_Data: 
      m_BitSize: 0
    m_Triangles:
      m_NumItems: 0
      m_Data: 
      m_BitSize: 0
    m_UVInfo: 0
  m_LocalAABB:
    m_Center: {x: 0, y: 0, z: 0}
    m_Extent: {x: 1, y: 1, z: 0}
  m_MeshUsageFlags: 0
  m_BakedConvexCollisionMesh: 
  m_BakedTriangleCollisionMesh: 
  m_MeshOptimized: 0
--- !u!1 &582913388
GameObject:
  m_ObjectHideFlags: 0
  m_PrefabParentObject: {fileID: 0}
  m_PrefabInternal: {fileID: 0}
  serializedVersion: 5
  m_Component:
  - component: {fileID: 582913391}
  - component: {fileID: 582913390}
  - component: {fileID: 582913389}
  m_Layer: 0
  m_Name: EventSystem
  m_TagString: Untagged
  m_Icon: {fileID: 0}
  m_NavMeshLayer: 0
  m_StaticEditorFlags: 0
  m_IsActive: 1
--- !u!114 &582913389
MonoBehaviour:
  m_ObjectHideFlags: 0
  m_PrefabParentObject: {fileID: 0}
  m_PrefabInternal: {fileID: 0}
  m_GameObject: {fileID: 582913388}
  m_Enabled: 1
  m_EditorHideFlags: 0
  m_Script: {fileID: 1077351063, guid: f70555f144d8491a825f0804e09c671c, type: 3}
  m_Name: 
  m_EditorClassIdentifier: 
  m_HorizontalAxis: Horizontal
  m_VerticalAxis: Vertical
  m_SubmitButton: Submit
  m_CancelButton: Cancel
  m_InputActionsPerSecond: 10
  m_RepeatDelay: 0.5
  m_ForceModuleActive: 0
--- !u!114 &582913390
MonoBehaviour:
  m_ObjectHideFlags: 0
  m_PrefabParentObject: {fileID: 0}
  m_PrefabInternal: {fileID: 0}
  m_GameObject: {fileID: 582913388}
  m_Enabled: 1
  m_EditorHideFlags: 0
  m_Script: {fileID: -619905303, guid: f70555f144d8491a825f0804e09c671c, type: 3}
  m_Name: 
  m_EditorClassIdentifier: 
  m_FirstSelected: {fileID: 0}
  m_sendNavigationEvents: 1
  m_DragThreshold: 5
--- !u!4 &582913391
Transform:
  m_ObjectHideFlags: 0
  m_PrefabParentObject: {fileID: 0}
  m_PrefabInternal: {fileID: 0}
  m_GameObject: {fileID: 582913388}
  m_LocalRotation: {x: 0, y: 0, z: 0, w: 1}
  m_LocalPosition: {x: 0, y: 0, z: 0}
  m_LocalScale: {x: 1, y: 1, z: 1}
  m_Children: []
  m_Father: {fileID: 0}
  m_RootOrder: 6
  m_LocalEulerAnglesHint: {x: 0, y: 0, z: 0}
--- !u!1 &607402783
GameObject:
  m_ObjectHideFlags: 0
  m_PrefabParentObject: {fileID: 1763250288922502, guid: e048f7e225daa484c9392e95c9a1cb81,
    type: 2}
  m_PrefabInternal: {fileID: 0}
  serializedVersion: 5
  m_Component:
  - component: {fileID: 607402784}
  - component: {fileID: 607402787}
  - component: {fileID: 607402786}
  - component: {fileID: 607402785}
  m_Layer: 10
  m_Name: ShortImpassablePlaceholder
  m_TagString: Untagged
  m_Icon: {fileID: 0}
  m_NavMeshLayer: 0
  m_StaticEditorFlags: 0
  m_IsActive: 1
--- !u!4 &607402784
Transform:
  m_ObjectHideFlags: 0
  m_PrefabParentObject: {fileID: 4692435678546186, guid: e048f7e225daa484c9392e95c9a1cb81,
    type: 2}
  m_PrefabInternal: {fileID: 0}
  m_GameObject: {fileID: 607402783}
  m_LocalRotation: {x: -0, y: -0, z: -0, w: 1}
  m_LocalPosition: {x: 12.79982, y: 12.229126, z: 0}
  m_LocalScale: {x: 1, y: 1, z: 1}
  m_Children: []
  m_Father: {fileID: 1037969487}
  m_RootOrder: 5
  m_LocalEulerAnglesHint: {x: 0, y: 0, z: 0}
--- !u!212 &607402785
SpriteRenderer:
  m_ObjectHideFlags: 0
  m_PrefabParentObject: {fileID: 212844144983247796, guid: e048f7e225daa484c9392e95c9a1cb81,
    type: 2}
  m_PrefabInternal: {fileID: 0}
  m_GameObject: {fileID: 607402783}
  m_Enabled: 0
  m_CastShadows: 0
  m_ReceiveShadows: 0
  m_DynamicOccludee: 1
  m_MotionVectors: 1
  m_LightProbeUsage: 1
  m_ReflectionProbeUsage: 1
  m_RenderingLayerMask: 4294967295
  m_Materials:
  - {fileID: 10754, guid: 0000000000000000f000000000000000, type: 0}
  m_StaticBatchInfo:
    firstSubMesh: 0
    subMeshCount: 0
  m_StaticBatchRoot: {fileID: 0}
  m_ProbeAnchor: {fileID: 0}
  m_LightProbeVolumeOverride: {fileID: 0}
  m_ScaleInLightmap: 1
  m_PreserveUVs: 0
  m_IgnoreNormalsForChartDetection: 0
  m_ImportantGI: 0
  m_StitchLightmapSeams: 0
  m_SelectedEditorRenderState: 0
  m_MinimumChartSize: 4
  m_AutoUVMaxDistance: 0.5
  m_AutoUVMaxAngle: 89
  m_LightmapParameters: {fileID: 0}
  m_SortingLayerID: 0
  m_SortingLayer: 0
  m_SortingOrder: 0
  m_Sprite: {fileID: 21300000, guid: ceaa3433bef4a4774b144c100e9d5e25, type: 3}
  m_Color: {r: 1, g: 1, b: 1, a: 1}
  m_FlipX: 0
  m_FlipY: 0
  m_DrawMode: 0
  m_Size: {x: 10.94, y: 10}
  m_AdaptiveModeThreshold: 0.5
  m_SpriteTileMode: 0
  m_WasSpriteAssigned: 1
  m_MaskInteraction: 0
--- !u!60 &607402786
PolygonCollider2D:
  m_ObjectHideFlags: 0
  m_PrefabParentObject: {fileID: 60333023862230186, guid: e048f7e225daa484c9392e95c9a1cb81,
    type: 2}
  m_PrefabInternal: {fileID: 0}
  m_GameObject: {fileID: 607402783}
  m_Enabled: 1
  m_Density: 1
  m_Material: {fileID: 6200000, guid: 7032fbbeda8a44164bc29c89ec413ed0, type: 2}
  m_IsTrigger: 0
  m_UsedByEffector: 0
  m_UsedByComposite: 0
  m_Offset: {x: 0, y: 0}
  m_SpriteTilingProperty:
    border: {x: 0, y: 0, z: 0, w: 0}
    pivot: {x: 0.5, y: 0.5}
    oldSize: {x: 3, y: 3}
    newSize: {x: 10.94, y: 10}
    adaptiveTilingThreshold: 0.5
    drawMode: 0
    adaptiveTiling: 0
  m_AutoTiling: 0
  m_Points:
    m_Paths:
    - - {x: -2, y: 2}
      - {x: -2, y: -2}
      - {x: 2, y: -2}
      - {x: 2, y: 2}
--- !u!114 &607402787
MonoBehaviour:
  m_ObjectHideFlags: 0
  m_PrefabParentObject: {fileID: 114848726484246220, guid: e048f7e225daa484c9392e95c9a1cb81,
    type: 2}
  m_PrefabInternal: {fileID: 0}
  m_GameObject: {fileID: 607402783}
  m_Enabled: 1
  m_EditorHideFlags: 0
  m_Script: {fileID: 11500000, guid: eced60c990afb624194ca662c250427e, type: 3}
  m_Name: 
  m_EditorClassIdentifier: 
  prefabInheritsScale: 0
  prefabInheritsRotation: 1
  prefab: {fileID: 1681089267185298, guid: a292e5eb17fe2419dbfea46a9c184753, type: 2}
--- !u!1001 &666689946
Prefab:
  m_ObjectHideFlags: 0
  serializedVersion: 2
  m_Modification:
    m_TransformParent: {fileID: 0}
    m_Modifications:
    - target: {fileID: 4841661631865990, guid: 0847309a5d8df4536867aa60bed37d63, type: 2}
      propertyPath: m_LocalPosition.x
      value: 0
      objectReference: {fileID: 0}
    - target: {fileID: 4841661631865990, guid: 0847309a5d8df4536867aa60bed37d63, type: 2}
      propertyPath: m_LocalPosition.y
      value: 0
      objectReference: {fileID: 0}
    - target: {fileID: 4841661631865990, guid: 0847309a5d8df4536867aa60bed37d63, type: 2}
      propertyPath: m_LocalPosition.z
      value: 0
      objectReference: {fileID: 0}
    - target: {fileID: 4841661631865990, guid: 0847309a5d8df4536867aa60bed37d63, type: 2}
      propertyPath: m_LocalRotation.x
      value: 0
      objectReference: {fileID: 0}
    - target: {fileID: 4841661631865990, guid: 0847309a5d8df4536867aa60bed37d63, type: 2}
      propertyPath: m_LocalRotation.y
      value: 0
      objectReference: {fileID: 0}
    - target: {fileID: 4841661631865990, guid: 0847309a5d8df4536867aa60bed37d63, type: 2}
      propertyPath: m_LocalRotation.z
      value: 0
      objectReference: {fileID: 0}
    - target: {fileID: 4841661631865990, guid: 0847309a5d8df4536867aa60bed37d63, type: 2}
      propertyPath: m_LocalRotation.w
      value: 1
      objectReference: {fileID: 0}
    - target: {fileID: 4841661631865990, guid: 0847309a5d8df4536867aa60bed37d63, type: 2}
      propertyPath: m_RootOrder
      value: 8
      objectReference: {fileID: 0}
    - target: {fileID: 1519394423414924, guid: 0847309a5d8df4536867aa60bed37d63, type: 2}
      propertyPath: m_Name
      value: LevelStartDialog
      objectReference: {fileID: 0}
    - target: {fileID: 212352109864724200, guid: 0847309a5d8df4536867aa60bed37d63,
        type: 2}
      propertyPath: m_Enabled
      value: 0
      objectReference: {fileID: 0}
    - target: {fileID: 114414497132418382, guid: 0847309a5d8df4536867aa60bed37d63,
        type: 2}
      propertyPath: dialogue.Array.data[0]
      value: Let's get started
      objectReference: {fileID: 0}
    - target: {fileID: 114414497132418382, guid: 0847309a5d8df4536867aa60bed37d63,
        type: 2}
      propertyPath: speakingCharacter
      value: 1
      objectReference: {fileID: 0}
    m_RemovedComponents: []
  m_ParentPrefab: {fileID: 100100000, guid: 0847309a5d8df4536867aa60bed37d63, type: 2}
  m_IsPrefabParent: 0
--- !u!1001 &683782306
Prefab:
  m_ObjectHideFlags: 0
  serializedVersion: 2
  m_Modification:
    m_TransformParent: {fileID: 0}
    m_Modifications:
    - target: {fileID: 4372301864858038, guid: 5a404312f1447428eb81411b1d21daec, type: 2}
      propertyPath: m_LocalPosition.x
      value: 0
      objectReference: {fileID: 0}
    - target: {fileID: 4372301864858038, guid: 5a404312f1447428eb81411b1d21daec, type: 2}
      propertyPath: m_LocalPosition.y
      value: 20
      objectReference: {fileID: 0}
    - target: {fileID: 4372301864858038, guid: 5a404312f1447428eb81411b1d21daec, type: 2}
      propertyPath: m_LocalPosition.z
      value: 0
      objectReference: {fileID: 0}
    - target: {fileID: 4372301864858038, guid: 5a404312f1447428eb81411b1d21daec, type: 2}
      propertyPath: m_LocalRotation.x
      value: 0
      objectReference: {fileID: 0}
    - target: {fileID: 4372301864858038, guid: 5a404312f1447428eb81411b1d21daec, type: 2}
      propertyPath: m_LocalRotation.y
      value: 0
      objectReference: {fileID: 0}
    - target: {fileID: 4372301864858038, guid: 5a404312f1447428eb81411b1d21daec, type: 2}
      propertyPath: m_LocalRotation.z
      value: 0
      objectReference: {fileID: 0}
    - target: {fileID: 4372301864858038, guid: 5a404312f1447428eb81411b1d21daec, type: 2}
      propertyPath: m_LocalRotation.w
      value: 1
      objectReference: {fileID: 0}
    - target: {fileID: 4372301864858038, guid: 5a404312f1447428eb81411b1d21daec, type: 2}
      propertyPath: m_RootOrder
      value: 4
      objectReference: {fileID: 0}
    - target: {fileID: 212216080876485346, guid: 5a404312f1447428eb81411b1d21daec,
        type: 2}
      propertyPath: m_SortingOrder
      value: -223
      objectReference: {fileID: 0}
    - target: {fileID: 212798630842634014, guid: 5a404312f1447428eb81411b1d21daec,
        type: 2}
      propertyPath: m_SortingOrder
      value: -186
      objectReference: {fileID: 0}
    - target: {fileID: 212186775433436692, guid: 5a404312f1447428eb81411b1d21daec,
        type: 2}
      propertyPath: m_SortingOrder
      value: -170
      objectReference: {fileID: 0}
    - target: {fileID: 212253190450989688, guid: 5a404312f1447428eb81411b1d21daec,
        type: 2}
      propertyPath: m_SortingOrder
      value: -201
      objectReference: {fileID: 0}
    - target: {fileID: 212629485146107768, guid: 5a404312f1447428eb81411b1d21daec,
        type: 2}
      propertyPath: m_SortingOrder
      value: -151
      objectReference: {fileID: 0}
    - target: {fileID: 212554334756182684, guid: 5a404312f1447428eb81411b1d21daec,
        type: 2}
      propertyPath: m_SortingOrder
      value: -239
      objectReference: {fileID: 0}
    - target: {fileID: 212077251131314328, guid: 5a404312f1447428eb81411b1d21daec,
        type: 2}
      propertyPath: m_SortingOrder
      value: -202
      objectReference: {fileID: 0}
    - target: {fileID: 212092770078449488, guid: 5a404312f1447428eb81411b1d21daec,
        type: 2}
      propertyPath: m_SortingOrder
      value: -202
      objectReference: {fileID: 0}
    - target: {fileID: 212632059744699578, guid: 5a404312f1447428eb81411b1d21daec,
        type: 2}
      propertyPath: m_SortingOrder
      value: -261
      objectReference: {fileID: 0}
    - target: {fileID: 212534917503579658, guid: 5a404312f1447428eb81411b1d21daec,
        type: 2}
      propertyPath: m_SortingOrder
      value: -257
      objectReference: {fileID: 0}
    - target: {fileID: 212588157032381370, guid: 5a404312f1447428eb81411b1d21daec,
        type: 2}
      propertyPath: m_SortingOrder
      value: -276
      objectReference: {fileID: 0}
    - target: {fileID: 212005224043779786, guid: 5a404312f1447428eb81411b1d21daec,
        type: 2}
      propertyPath: m_SortingOrder
      value: -242
      objectReference: {fileID: 0}
    - target: {fileID: 212105676630130120, guid: 5a404312f1447428eb81411b1d21daec,
        type: 2}
      propertyPath: m_SortingOrder
      value: -205
      objectReference: {fileID: 0}
    - target: {fileID: 212133707067097432, guid: 5a404312f1447428eb81411b1d21daec,
        type: 2}
      propertyPath: m_SortingOrder
      value: -280
      objectReference: {fileID: 0}
    - target: {fileID: 212613013975072458, guid: 5a404312f1447428eb81411b1d21daec,
        type: 2}
      propertyPath: m_SortingOrder
      value: -130
      objectReference: {fileID: 0}
    - target: {fileID: 212198209528280054, guid: 5a404312f1447428eb81411b1d21daec,
        type: 2}
      propertyPath: m_SortingOrder
      value: -202
      objectReference: {fileID: 0}
    - target: {fileID: 212686085730768614, guid: 5a404312f1447428eb81411b1d21daec,
        type: 2}
      propertyPath: m_SortingOrder
      value: -220
      objectReference: {fileID: 0}
    - target: {fileID: 212819581592389354, guid: 5a404312f1447428eb81411b1d21daec,
        type: 2}
      propertyPath: m_SortingOrder
      value: -167
      objectReference: {fileID: 0}
    - target: {fileID: 212263739474039890, guid: 5a404312f1447428eb81411b1d21daec,
        type: 2}
      propertyPath: m_SortingOrder
      value: -148
      objectReference: {fileID: 0}
    - target: {fileID: 212802804671134566, guid: 5a404312f1447428eb81411b1d21daec,
        type: 2}
      propertyPath: m_SortingOrder
      value: -202
      objectReference: {fileID: 0}
    - target: {fileID: 212861602572387274, guid: 5a404312f1447428eb81411b1d21daec,
        type: 2}
      propertyPath: m_SortingOrder
      value: -189
      objectReference: {fileID: 0}
    - target: {fileID: 212306687497510698, guid: 5a404312f1447428eb81411b1d21daec,
        type: 2}
      propertyPath: m_SortingOrder
      value: -132
      objectReference: {fileID: 0}
    m_RemovedComponents: []
  m_ParentPrefab: {fileID: 100100000, guid: 5a404312f1447428eb81411b1d21daec, type: 2}
  m_IsPrefabParent: 0
--- !u!1 &687946760
GameObject:
  m_ObjectHideFlags: 0
  m_PrefabParentObject: {fileID: 1565436056281216, guid: e048f7e225daa484c9392e95c9a1cb81,
    type: 2}
  m_PrefabInternal: {fileID: 0}
  serializedVersion: 5
  m_Component:
  - component: {fileID: 1778267701}
  - component: {fileID: 687946762}
  - component: {fileID: 687946761}
  m_Layer: 0
  m_Name: PathFollowingDinoPlaceholder
  m_TagString: Untagged
  m_Icon: {fileID: 0}
  m_NavMeshLayer: 0
  m_StaticEditorFlags: 0
  m_IsActive: 1
--- !u!212 &687946761
SpriteRenderer:
  m_ObjectHideFlags: 0
  m_PrefabParentObject: {fileID: 212941391277491728, guid: e048f7e225daa484c9392e95c9a1cb81,
    type: 2}
  m_PrefabInternal: {fileID: 0}
  m_GameObject: {fileID: 687946760}
  m_Enabled: 0
  m_CastShadows: 0
  m_ReceiveShadows: 0
  m_DynamicOccludee: 1
  m_MotionVectors: 1
  m_LightProbeUsage: 1
  m_ReflectionProbeUsage: 1
  m_RenderingLayerMask: 4294967295
  m_Materials:
  - {fileID: 10754, guid: 0000000000000000f000000000000000, type: 0}
  m_StaticBatchInfo:
    firstSubMesh: 0
    subMeshCount: 0
  m_StaticBatchRoot: {fileID: 0}
  m_ProbeAnchor: {fileID: 0}
  m_LightProbeVolumeOverride: {fileID: 0}
  m_ScaleInLightmap: 1
  m_PreserveUVs: 0
  m_IgnoreNormalsForChartDetection: 0
  m_ImportantGI: 0
  m_StitchLightmapSeams: 0
  m_SelectedEditorRenderState: 0
  m_MinimumChartSize: 4
  m_AutoUVMaxDistance: 0.5
  m_AutoUVMaxAngle: 89
  m_LightmapParameters: {fileID: 0}
  m_SortingLayerID: 0
  m_SortingLayer: 0
  m_SortingOrder: 0
  m_Sprite: {fileID: 21300000, guid: 4b2a1c7148366de47a867d2962e2fc1f, type: 3}
  m_Color: {r: 1, g: 1, b: 1, a: 1}
  m_FlipX: 0
  m_FlipY: 0
  m_DrawMode: 0
  m_Size: {x: 10.94, y: 10}
  m_AdaptiveModeThreshold: 0.5
  m_SpriteTileMode: 0
  m_WasSpriteAssigned: 1
  m_MaskInteraction: 0
--- !u!114 &687946762
MonoBehaviour:
  m_ObjectHideFlags: 0
  m_PrefabParentObject: {fileID: 114024219144780802, guid: e048f7e225daa484c9392e95c9a1cb81,
    type: 2}
  m_PrefabInternal: {fileID: 0}
  m_GameObject: {fileID: 687946760}
  m_Enabled: 1
  m_EditorHideFlags: 0
  m_Script: {fileID: 11500000, guid: 2e7004bec47af420c8330810c215d0b6, type: 3}
  m_Name: 
  m_EditorClassIdentifier: 
  prefabInheritsScale: 0
  prefabInheritsRotation: 0
  dinoType: 2
  dinoTypedPrefabs:
  - type: 1
    prefab: {fileID: 1097437214102138, guid: cc79983fdf276406c9cfc0c6ff332bc1, type: 2}
  - type: 2
    prefab: {fileID: 1308348074193494, guid: 565892f5641024b1b99bdad2875c7586, type: 2}
  - type: 3
    prefab: {fileID: 1157611926626522, guid: 2f92fb9b3593f44a6b5b1c7eabb2dac9, type: 2}
  - type: 4
    prefab: {fileID: 1078212028342946, guid: f632d067094ed42a8be1e42f559f138e, type: 2}
  defendArea: {fileID: 0}
  path: {fileID: 0}
--- !u!1001 &689183416
Prefab:
  m_ObjectHideFlags: 0
  serializedVersion: 2
  m_Modification:
    m_TransformParent: {fileID: 0}
    m_Modifications:
    - target: {fileID: 4841661631865990, guid: 0847309a5d8df4536867aa60bed37d63, type: 2}
      propertyPath: m_LocalPosition.x
      value: 0
      objectReference: {fileID: 0}
    - target: {fileID: 4841661631865990, guid: 0847309a5d8df4536867aa60bed37d63, type: 2}
      propertyPath: m_LocalPosition.y
      value: 0
      objectReference: {fileID: 0}
    - target: {fileID: 4841661631865990, guid: 0847309a5d8df4536867aa60bed37d63, type: 2}
      propertyPath: m_LocalPosition.z
      value: 0
      objectReference: {fileID: 0}
    - target: {fileID: 4841661631865990, guid: 0847309a5d8df4536867aa60bed37d63, type: 2}
      propertyPath: m_LocalRotation.x
      value: 0
      objectReference: {fileID: 0}
    - target: {fileID: 4841661631865990, guid: 0847309a5d8df4536867aa60bed37d63, type: 2}
      propertyPath: m_LocalRotation.y
      value: 0
      objectReference: {fileID: 0}
    - target: {fileID: 4841661631865990, guid: 0847309a5d8df4536867aa60bed37d63, type: 2}
      propertyPath: m_LocalRotation.z
      value: 0
      objectReference: {fileID: 0}
    - target: {fileID: 4841661631865990, guid: 0847309a5d8df4536867aa60bed37d63, type: 2}
      propertyPath: m_LocalRotation.w
      value: 1
      objectReference: {fileID: 0}
    - target: {fileID: 4841661631865990, guid: 0847309a5d8df4536867aa60bed37d63, type: 2}
      propertyPath: m_RootOrder
      value: 13
      objectReference: {fileID: 0}
    - target: {fileID: 1519394423414924, guid: 0847309a5d8df4536867aa60bed37d63, type: 2}
      propertyPath: m_Name
      value: Health
      objectReference: {fileID: 0}
    - target: {fileID: 212352109864724200, guid: 0847309a5d8df4536867aa60bed37d63,
        type: 2}
      propertyPath: m_Enabled
      value: 0
      objectReference: {fileID: 0}
    - target: {fileID: 114414497132418382, guid: 0847309a5d8df4536867aa60bed37d63,
        type: 2}
      propertyPath: dialogue.Array.data[0]
      value: Enable healthbar
      objectReference: {fileID: 0}
    - target: {fileID: 114414497132418382, guid: 0847309a5d8df4536867aa60bed37d63,
        type: 2}
      propertyPath: enableHealth
      value: 1
      objectReference: {fileID: 0}
    - target: {fileID: 114414497132418382, guid: 0847309a5d8df4536867aa60bed37d63,
        type: 2}
      propertyPath: triggerNextDialogue
      value: 
      objectReference: {fileID: 1117065973}
    - target: {fileID: 114414497132418382, guid: 0847309a5d8df4536867aa60bed37d63,
        type: 2}
      propertyPath: freezeGameplay
      value: 1
      objectReference: {fileID: 0}
    m_RemovedComponents: []
  m_ParentPrefab: {fileID: 100100000, guid: 0847309a5d8df4536867aa60bed37d63, type: 2}
  m_IsPrefabParent: 0
--- !u!114 &726371683 stripped
MonoBehaviour:
  m_PrefabParentObject: {fileID: 114414497132418382, guid: 0847309a5d8df4536867aa60bed37d63,
    type: 2}
  m_PrefabInternal: {fileID: 1036370255}
  m_Script: {fileID: 11500000, guid: 5547955938c5444878001ae57695a3a2, type: 3}
--- !u!4 &733750089
Transform:
  m_ObjectHideFlags: 0
  m_PrefabParentObject: {fileID: 4169936076812256, guid: e048f7e225daa484c9392e95c9a1cb81,
    type: 2}
  m_PrefabInternal: {fileID: 0}
  m_GameObject: {fileID: 1018584893}
  m_LocalRotation: {x: -0, y: -0, z: -0, w: 1}
  m_LocalPosition: {x: 7, y: 9.84, z: 0}
  m_LocalScale: {x: 1, y: 1, z: 1}
  m_Children: []
  m_Father: {fileID: 1037969487}
  m_RootOrder: 2
  m_LocalEulerAnglesHint: {x: 0, y: 0, z: 0}
--- !u!1001 &997916581
Prefab:
  m_ObjectHideFlags: 0
  serializedVersion: 2
  m_Modification:
    m_TransformParent: {fileID: 0}
    m_Modifications:
    - target: {fileID: 4841661631865990, guid: 0847309a5d8df4536867aa60bed37d63, type: 2}
      propertyPath: m_LocalPosition.x
      value: 0
      objectReference: {fileID: 0}
    - target: {fileID: 4841661631865990, guid: 0847309a5d8df4536867aa60bed37d63, type: 2}
      propertyPath: m_LocalPosition.y
      value: 0
      objectReference: {fileID: 0}
    - target: {fileID: 4841661631865990, guid: 0847309a5d8df4536867aa60bed37d63, type: 2}
      propertyPath: m_LocalPosition.z
      value: 0
      objectReference: {fileID: 0}
    - target: {fileID: 4841661631865990, guid: 0847309a5d8df4536867aa60bed37d63, type: 2}
      propertyPath: m_LocalRotation.x
      value: 0
      objectReference: {fileID: 0}
    - target: {fileID: 4841661631865990, guid: 0847309a5d8df4536867aa60bed37d63, type: 2}
      propertyPath: m_LocalRotation.y
      value: 0
      objectReference: {fileID: 0}
    - target: {fileID: 4841661631865990, guid: 0847309a5d8df4536867aa60bed37d63, type: 2}
      propertyPath: m_LocalRotation.z
      value: 0
      objectReference: {fileID: 0}
    - target: {fileID: 4841661631865990, guid: 0847309a5d8df4536867aa60bed37d63, type: 2}
      propertyPath: m_LocalRotation.w
      value: 1
      objectReference: {fileID: 0}
    - target: {fileID: 4841661631865990, guid: 0847309a5d8df4536867aa60bed37d63, type: 2}
      propertyPath: m_RootOrder
      value: 16
      objectReference: {fileID: 0}
    - target: {fileID: 212352109864724200, guid: 0847309a5d8df4536867aa60bed37d63,
        type: 2}
      propertyPath: m_Enabled
      value: 0
      objectReference: {fileID: 0}
    - target: {fileID: 1519394423414924, guid: 0847309a5d8df4536867aa60bed37d63, type: 2}
      propertyPath: m_Name
      value: Binocs
      objectReference: {fileID: 0}
    - target: {fileID: 114414497132418382, guid: 0847309a5d8df4536867aa60bed37d63,
        type: 2}
      propertyPath: dialogue.Array.data[0]
      value: Enable binoculars
      objectReference: {fileID: 0}
    - target: {fileID: 114414497132418382, guid: 0847309a5d8df4536867aa60bed37d63,
        type: 2}
      propertyPath: enableBinoculars
      value: 1
      objectReference: {fileID: 0}
    - target: {fileID: 114414497132418382, guid: 0847309a5d8df4536867aa60bed37d63,
        type: 2}
      propertyPath: triggerNextDialogue
      value: 
      objectReference: {fileID: 160350038}
    - target: {fileID: 114414497132418382, guid: 0847309a5d8df4536867aa60bed37d63,
        type: 2}
      propertyPath: freezeGameplay
      value: 1
      objectReference: {fileID: 0}
    m_RemovedComponents: []
  m_ParentPrefab: {fileID: 100100000, guid: 0847309a5d8df4536867aa60bed37d63, type: 2}
  m_IsPrefabParent: 0
--- !u!1001 &1007566103
Prefab:
  m_ObjectHideFlags: 0
  serializedVersion: 2
  m_Modification:
    m_TransformParent: {fileID: 0}
    m_Modifications:
    - target: {fileID: 4775967891043368, guid: bff10b040b4944772ba12faa3253a105, type: 2}
      propertyPath: m_LocalPosition.x
      value: 0
      objectReference: {fileID: 0}
    - target: {fileID: 4775967891043368, guid: bff10b040b4944772ba12faa3253a105, type: 2}
      propertyPath: m_LocalPosition.y
      value: 0
      objectReference: {fileID: 0}
    - target: {fileID: 4775967891043368, guid: bff10b040b4944772ba12faa3253a105, type: 2}
      propertyPath: m_LocalPosition.z
      value: 0
      objectReference: {fileID: 0}
    - target: {fileID: 4775967891043368, guid: bff10b040b4944772ba12faa3253a105, type: 2}
      propertyPath: m_LocalRotation.x
      value: 0
      objectReference: {fileID: 0}
    - target: {fileID: 4775967891043368, guid: bff10b040b4944772ba12faa3253a105, type: 2}
      propertyPath: m_LocalRotation.y
      value: 0
      objectReference: {fileID: 0}
    - target: {fileID: 4775967891043368, guid: bff10b040b4944772ba12faa3253a105, type: 2}
      propertyPath: m_LocalRotation.z
      value: 0
      objectReference: {fileID: 0}
    - target: {fileID: 4775967891043368, guid: bff10b040b4944772ba12faa3253a105, type: 2}
      propertyPath: m_LocalRotation.w
      value: 1
      objectReference: {fileID: 0}
    - target: {fileID: 4775967891043368, guid: bff10b040b4944772ba12faa3253a105, type: 2}
      propertyPath: m_RootOrder
      value: 5
      objectReference: {fileID: 0}
    - target: {fileID: 114311572343918698, guid: bff10b040b4944772ba12faa3253a105,
        type: 2}
      propertyPath: hideEnergy
      value: 1
      objectReference: {fileID: 0}
    - target: {fileID: 114311572343918698, guid: bff10b040b4944772ba12faa3253a105,
        type: 2}
      propertyPath: hideBinocs
      value: 1
      objectReference: {fileID: 0}
    - target: {fileID: 114311572343918698, guid: bff10b040b4944772ba12faa3253a105,
        type: 2}
      propertyPath: failDialogue
      value: 
      objectReference: {fileID: 1806480318}
    - target: {fileID: 114311572343918698, guid: bff10b040b4944772ba12faa3253a105,
        type: 2}
      propertyPath: startingEnergy
      value: 50
      objectReference: {fileID: 0}
    - target: {fileID: 114311572343918698, guid: bff10b040b4944772ba12faa3253a105,
        type: 2}
      propertyPath: startDialogue
      value: 
      objectReference: {fileID: 174393446}
    - target: {fileID: 114311572343918698, guid: bff10b040b4944772ba12faa3253a105,
        type: 2}
      propertyPath: finishDialogue
      value: 
      objectReference: {fileID: 388285828}
    - target: {fileID: 114311572343918698, guid: bff10b040b4944772ba12faa3253a105,
        type: 2}
      propertyPath: startingHealth
      value: 60
      objectReference: {fileID: 0}
    - target: {fileID: 114311572343918698, guid: bff10b040b4944772ba12faa3253a105,
        type: 2}
      propertyPath: hideHealth
      value: 1
      objectReference: {fileID: 0}
    - target: {fileID: 114311572343918698, guid: bff10b040b4944772ba12faa3253a105,
        type: 2}
      propertyPath: hideStamina
      value: 1
      objectReference: {fileID: 0}
    - target: {fileID: 114311572343918698, guid: bff10b040b4944772ba12faa3253a105,
        type: 2}
      propertyPath: hideSprint
      value: 1
      objectReference: {fileID: 0}
    - target: {fileID: 114311572343918698, guid: bff10b040b4944772ba12faa3253a105,
        type: 2}
      propertyPath: startingStamina
      value: 50
      objectReference: {fileID: 0}
    m_RemovedComponents: []
  m_ParentPrefab: {fileID: 100100000, guid: bff10b040b4944772ba12faa3253a105, type: 2}
  m_IsPrefabParent: 0
--- !u!1 &1018584893
GameObject:
  m_ObjectHideFlags: 0
  m_PrefabParentObject: {fileID: 1998067843230906, guid: e048f7e225daa484c9392e95c9a1cb81,
    type: 2}
  m_PrefabInternal: {fileID: 0}
  serializedVersion: 5
  m_Component:
  - component: {fileID: 733750089}
  - component: {fileID: 1018584895}
  - component: {fileID: 1018584894}
  m_Layer: 0
  m_Name: LargePineAPlaceholder
  m_TagString: Untagged
  m_Icon: {fileID: 0}
  m_NavMeshLayer: 0
  m_StaticEditorFlags: 0
  m_IsActive: 1
--- !u!212 &1018584894
SpriteRenderer:
  m_ObjectHideFlags: 0
  m_PrefabParentObject: {fileID: 212078777923025662, guid: e048f7e225daa484c9392e95c9a1cb81,
    type: 2}
  m_PrefabInternal: {fileID: 0}
  m_GameObject: {fileID: 1018584893}
  m_Enabled: 0
  m_CastShadows: 0
  m_ReceiveShadows: 0
  m_DynamicOccludee: 1
  m_MotionVectors: 1
  m_LightProbeUsage: 1
  m_ReflectionProbeUsage: 1
  m_RenderingLayerMask: 4294967295
  m_Materials:
  - {fileID: 10754, guid: 0000000000000000f000000000000000, type: 0}
  m_StaticBatchInfo:
    firstSubMesh: 0
    subMeshCount: 0
  m_StaticBatchRoot: {fileID: 0}
  m_ProbeAnchor: {fileID: 0}
  m_LightProbeVolumeOverride: {fileID: 0}
  m_ScaleInLightmap: 1
  m_PreserveUVs: 0
  m_IgnoreNormalsForChartDetection: 0
  m_ImportantGI: 0
  m_StitchLightmapSeams: 0
  m_SelectedEditorRenderState: 0
  m_MinimumChartSize: 4
  m_AutoUVMaxDistance: 0.5
  m_AutoUVMaxAngle: 89
  m_LightmapParameters: {fileID: 0}
  m_SortingLayerID: 0
  m_SortingLayer: 0
  m_SortingOrder: 0
  m_Sprite: {fileID: 21300000, guid: 7e7eb6b28daafee458e9c0b62d8c1e64, type: 3}
  m_Color: {r: 1, g: 1, b: 1, a: 1}
  m_FlipX: 0
  m_FlipY: 0
  m_DrawMode: 0
  m_Size: {x: 5, y: 8.53}
  m_AdaptiveModeThreshold: 0.5
  m_SpriteTileMode: 0
  m_WasSpriteAssigned: 1
  m_MaskInteraction: 0
--- !u!114 &1018584895
MonoBehaviour:
  m_ObjectHideFlags: 0
  m_PrefabParentObject: {fileID: 114065772439204512, guid: e048f7e225daa484c9392e95c9a1cb81,
    type: 2}
  m_PrefabInternal: {fileID: 0}
  m_GameObject: {fileID: 1018584893}
  m_Enabled: 1
  m_EditorHideFlags: 0
  m_Script: {fileID: 11500000, guid: eced60c990afb624194ca662c250427e, type: 3}
  m_Name: 
  m_EditorClassIdentifier: 
  prefabInheritsScale: 1
  prefabInheritsRotation: 0
  prefab: {fileID: 1900744849366562, guid: 3e224d73dbf88408fb58da5ac008a437, type: 2}
--- !u!1001 &1018811114
Prefab:
  m_ObjectHideFlags: 0
  serializedVersion: 2
  m_Modification:
    m_TransformParent: {fileID: 0}
    m_Modifications:
    - target: {fileID: 4036011643701276, guid: 1256cc8a9ef63094ca87b1b76a7c5930, type: 2}
      propertyPath: m_LocalPosition.x
      value: 0
      objectReference: {fileID: 0}
    - target: {fileID: 4036011643701276, guid: 1256cc8a9ef63094ca87b1b76a7c5930, type: 2}
      propertyPath: m_LocalPosition.y
      value: 0
      objectReference: {fileID: 0}
    - target: {fileID: 4036011643701276, guid: 1256cc8a9ef63094ca87b1b76a7c5930, type: 2}
      propertyPath: m_LocalPosition.z
      value: 0
      objectReference: {fileID: 0}
    - target: {fileID: 4036011643701276, guid: 1256cc8a9ef63094ca87b1b76a7c5930, type: 2}
      propertyPath: m_LocalRotation.x
      value: 0
      objectReference: {fileID: 0}
    - target: {fileID: 4036011643701276, guid: 1256cc8a9ef63094ca87b1b76a7c5930, type: 2}
      propertyPath: m_LocalRotation.y
      value: 0
      objectReference: {fileID: 0}
    - target: {fileID: 4036011643701276, guid: 1256cc8a9ef63094ca87b1b76a7c5930, type: 2}
      propertyPath: m_LocalRotation.z
      value: 0
      objectReference: {fileID: 0}
    - target: {fileID: 4036011643701276, guid: 1256cc8a9ef63094ca87b1b76a7c5930, type: 2}
      propertyPath: m_LocalRotation.w
      value: 1
      objectReference: {fileID: 0}
    - target: {fileID: 4036011643701276, guid: 1256cc8a9ef63094ca87b1b76a7c5930, type: 2}
      propertyPath: m_RootOrder
      value: 3
      objectReference: {fileID: 0}
    - target: {fileID: 1996549745185886, guid: 1256cc8a9ef63094ca87b1b76a7c5930, type: 2}
      propertyPath: m_IsActive
      value: 1
      objectReference: {fileID: 0}
    m_RemovedComponents: []
  m_ParentPrefab: {fileID: 100100000, guid: 1256cc8a9ef63094ca87b1b76a7c5930, type: 2}
  m_IsPrefabParent: 0
--- !u!1001 &1036370255
Prefab:
  m_ObjectHideFlags: 0
  serializedVersion: 2
  m_Modification:
    m_TransformParent: {fileID: 0}
    m_Modifications:
    - target: {fileID: 4841661631865990, guid: 0847309a5d8df4536867aa60bed37d63, type: 2}
      propertyPath: m_LocalPosition.x
      value: 0
      objectReference: {fileID: 0}
    - target: {fileID: 4841661631865990, guid: 0847309a5d8df4536867aa60bed37d63, type: 2}
      propertyPath: m_LocalPosition.y
      value: 0
      objectReference: {fileID: 0}
    - target: {fileID: 4841661631865990, guid: 0847309a5d8df4536867aa60bed37d63, type: 2}
      propertyPath: m_LocalPosition.z
      value: 0
      objectReference: {fileID: 0}
    - target: {fileID: 4841661631865990, guid: 0847309a5d8df4536867aa60bed37d63, type: 2}
      propertyPath: m_LocalRotation.x
      value: 0
      objectReference: {fileID: 0}
    - target: {fileID: 4841661631865990, guid: 0847309a5d8df4536867aa60bed37d63, type: 2}
      propertyPath: m_LocalRotation.y
      value: 0
      objectReference: {fileID: 0}
    - target: {fileID: 4841661631865990, guid: 0847309a5d8df4536867aa60bed37d63, type: 2}
      propertyPath: m_LocalRotation.z
      value: 0
      objectReference: {fileID: 0}
    - target: {fileID: 4841661631865990, guid: 0847309a5d8df4536867aa60bed37d63, type: 2}
      propertyPath: m_LocalRotation.w
      value: 1
      objectReference: {fileID: 0}
    - target: {fileID: 4841661631865990, guid: 0847309a5d8df4536867aa60bed37d63, type: 2}
      propertyPath: m_RootOrder
      value: 12
      objectReference: {fileID: 0}
    - target: {fileID: 212352109864724200, guid: 0847309a5d8df4536867aa60bed37d63,
        type: 2}
      propertyPath: m_Enabled
      value: 0
      objectReference: {fileID: 0}
    - target: {fileID: 1519394423414924, guid: 0847309a5d8df4536867aa60bed37d63, type: 2}
      propertyPath: m_Name
      value: Start
      objectReference: {fileID: 0}
    - target: {fileID: 114414497132418382, guid: 0847309a5d8df4536867aa60bed37d63,
        type: 2}
      propertyPath: dialogue.Array.data[0]
      value: Start
      objectReference: {fileID: 0}
    - target: {fileID: 114414497132418382, guid: 0847309a5d8df4536867aa60bed37d63,
        type: 2}
      propertyPath: triggerNextDialogue
      value: 
      objectReference: {fileID: 2066795785}
    - target: {fileID: 114414497132418382, guid: 0847309a5d8df4536867aa60bed37d63,
        type: 2}
      propertyPath: startTimer
      value: 0
      objectReference: {fileID: 0}
    - target: {fileID: 114414497132418382, guid: 0847309a5d8df4536867aa60bed37d63,
        type: 2}
      propertyPath: timerSeconds
      value: 0
      objectReference: {fileID: 0}
    - target: {fileID: 114414497132418382, guid: 0847309a5d8df4536867aa60bed37d63,
        type: 2}
      propertyPath: freezeGameplay
      value: 1
      objectReference: {fileID: 0}
    - target: {fileID: 114414497132418382, guid: 0847309a5d8df4536867aa60bed37d63,
        type: 2}
      propertyPath: sustainFrozenGameplay
      value: 1
      objectReference: {fileID: 0}
    m_RemovedComponents: []
  m_ParentPrefab: {fileID: 100100000, guid: 0847309a5d8df4536867aa60bed37d63, type: 2}
  m_IsPrefabParent: 0
--- !u!1 &1037969483
GameObject:
  m_ObjectHideFlags: 0
  m_PrefabParentObject: {fileID: 1026328749948550, guid: e048f7e225daa484c9392e95c9a1cb81,
    type: 2}
  m_PrefabInternal: {fileID: 0}
  serializedVersion: 5
  m_Component:
  - component: {fileID: 1037969487}
  - component: {fileID: 1037969486}
  - component: {fileID: 1037969485}
  - component: {fileID: 1037969484}
  m_Layer: 0
  m_Name: Puzzle
  m_TagString: Untagged
  m_Icon: {fileID: 0}
  m_NavMeshLayer: 0
  m_StaticEditorFlags: 0
  m_IsActive: 1
--- !u!114 &1037969484
MonoBehaviour:
  m_ObjectHideFlags: 0
  m_PrefabParentObject: {fileID: 114176507373458502, guid: e048f7e225daa484c9392e95c9a1cb81,
    type: 2}
  m_PrefabInternal: {fileID: 0}
  m_GameObject: {fileID: 1037969483}
  m_Enabled: 1
  m_EditorHideFlags: 0
  m_Script: {fileID: 11500000, guid: 314ada8fd27844fd9b32b9b847cf3661, type: 3}
  m_Name: 
  m_EditorClassIdentifier: 
--- !u!212 &1037969485
SpriteRenderer:
  m_ObjectHideFlags: 0
  m_PrefabParentObject: {fileID: 212913903371938598, guid: e048f7e225daa484c9392e95c9a1cb81,
    type: 2}
  m_PrefabInternal: {fileID: 0}
  m_GameObject: {fileID: 1037969483}
  m_Enabled: 0
  m_CastShadows: 0
  m_ReceiveShadows: 0
  m_DynamicOccludee: 1
  m_MotionVectors: 1
  m_LightProbeUsage: 1
  m_ReflectionProbeUsage: 1
  m_RenderingLayerMask: 4294967295
  m_Materials:
  - {fileID: 10754, guid: 0000000000000000f000000000000000, type: 0}
  m_StaticBatchInfo:
    firstSubMesh: 0
    subMeshCount: 0
  m_StaticBatchRoot: {fileID: 0}
  m_ProbeAnchor: {fileID: 0}
  m_LightProbeVolumeOverride: {fileID: 0}
  m_ScaleInLightmap: 1
  m_PreserveUVs: 0
  m_IgnoreNormalsForChartDetection: 0
  m_ImportantGI: 0
  m_StitchLightmapSeams: 0
  m_SelectedEditorRenderState: 0
  m_MinimumChartSize: 4
  m_AutoUVMaxDistance: 0.5
  m_AutoUVMaxAngle: 89
  m_LightmapParameters: {fileID: 0}
  m_SortingLayerID: 0
  m_SortingLayer: 0
  m_SortingOrder: 0
  m_Sprite: {fileID: 21300000, guid: f254b3f490fce4b25ac8372f9b55b45d, type: 3}
  m_Color: {r: 1, g: 1, b: 1, a: 1}
  m_FlipX: 0
  m_FlipY: 0
  m_DrawMode: 0
  m_Size: {x: 7.2, y: 7.2}
  m_AdaptiveModeThreshold: 0.5
  m_SpriteTileMode: 0
  m_WasSpriteAssigned: 1
  m_MaskInteraction: 0
--- !u!114 &1037969486
MonoBehaviour:
  m_ObjectHideFlags: 0
  m_PrefabParentObject: {fileID: 114743993169710642, guid: e048f7e225daa484c9392e95c9a1cb81,
    type: 2}
  m_PrefabInternal: {fileID: 0}
  m_GameObject: {fileID: 1037969483}
  m_Enabled: 1
  m_EditorHideFlags: 0
  m_Script: {fileID: 11500000, guid: 85973df821759bd4b83e1686807eba6b, type: 3}
  m_Name: 
  m_EditorClassIdentifier: 
  theme: 0
  dinoType: 2
  pausePlaceholdersInEditor: 1
  eggsPerNest:
  - nestPlaceholder: {fileID: 1875941909}
    eggCount: 1
--- !u!4 &1037969487
Transform:
  m_ObjectHideFlags: 0
  m_PrefabParentObject: {fileID: 4217443331187406, guid: e048f7e225daa484c9392e95c9a1cb81,
    type: 2}
  m_PrefabInternal: {fileID: 0}
  m_GameObject: {fileID: 1037969483}
  m_LocalRotation: {x: 0, y: 0, z: 0, w: 1}
  m_LocalPosition: {x: 29.74, y: -0.03, z: 0}
  m_LocalScale: {x: 1, y: 1, z: 1}
  m_Children:
  - {fileID: 1943533673}
  - {fileID: 192335032}
  - {fileID: 733750089}
  - {fileID: 1778267701}
  - {fileID: 1875941911}
  - {fileID: 607402784}
  - {fileID: 1263143101}
  m_Father: {fileID: 0}
  m_RootOrder: 7
  m_LocalEulerAnglesHint: {x: 0, y: 0, z: 0}
--- !u!114 &1053606075 stripped
MonoBehaviour:
  m_PrefabParentObject: {fileID: 114414497132418382, guid: 0847309a5d8df4536867aa60bed37d63,
    type: 2}
  m_PrefabInternal: {fileID: 997916581}
  m_Script: {fileID: 11500000, guid: 5547955938c5444878001ae57695a3a2, type: 3}
--- !u!1001 &1081493325
Prefab:
  m_ObjectHideFlags: 0
  serializedVersion: 2
  m_Modification:
    m_TransformParent: {fileID: 0}
    m_Modifications:
    - target: {fileID: 4841661631865990, guid: 0847309a5d8df4536867aa60bed37d63, type: 2}
      propertyPath: m_LocalPosition.x
      value: 0
      objectReference: {fileID: 0}
    - target: {fileID: 4841661631865990, guid: 0847309a5d8df4536867aa60bed37d63, type: 2}
      propertyPath: m_LocalPosition.y
      value: 0
      objectReference: {fileID: 0}
    - target: {fileID: 4841661631865990, guid: 0847309a5d8df4536867aa60bed37d63, type: 2}
      propertyPath: m_LocalPosition.z
      value: 0
      objectReference: {fileID: 0}
    - target: {fileID: 4841661631865990, guid: 0847309a5d8df4536867aa60bed37d63, type: 2}
      propertyPath: m_LocalRotation.x
      value: 0
      objectReference: {fileID: 0}
    - target: {fileID: 4841661631865990, guid: 0847309a5d8df4536867aa60bed37d63, type: 2}
      propertyPath: m_LocalRotation.y
      value: 0
      objectReference: {fileID: 0}
    - target: {fileID: 4841661631865990, guid: 0847309a5d8df4536867aa60bed37d63, type: 2}
      propertyPath: m_LocalRotation.z
      value: 0
      objectReference: {fileID: 0}
    - target: {fileID: 4841661631865990, guid: 0847309a5d8df4536867aa60bed37d63, type: 2}
      propertyPath: m_LocalRotation.w
      value: 1
      objectReference: {fileID: 0}
    - target: {fileID: 4841661631865990, guid: 0847309a5d8df4536867aa60bed37d63, type: 2}
      propertyPath: m_RootOrder
      value: 10
      objectReference: {fileID: 0}
    - target: {fileID: 1519394423414924, guid: 0847309a5d8df4536867aa60bed37d63, type: 2}
      propertyPath: m_Name
      value: LevelFailDialog
      objectReference: {fileID: 0}
    - target: {fileID: 212352109864724200, guid: 0847309a5d8df4536867aa60bed37d63,
        type: 2}
      propertyPath: m_Enabled
      value: 0
      objectReference: {fileID: 0}
    - target: {fileID: 114414497132418382, guid: 0847309a5d8df4536867aa60bed37d63,
        type: 2}
      propertyPath: dialogue.Array.data[0]
      value: Oh no!!
      objectReference: {fileID: 0}
    - target: {fileID: 114414497132418382, guid: 0847309a5d8df4536867aa60bed37d63,
        type: 2}
      propertyPath: speakingCharacter
      value: 1
      objectReference: {fileID: 0}
    - target: {fileID: 114414497132418382, guid: 0847309a5d8df4536867aa60bed37d63,
        type: 2}
      propertyPath: freezeGameplay
      value: 1
      objectReference: {fileID: 0}
    - target: {fileID: 114414497132418382, guid: 0847309a5d8df4536867aa60bed37d63,
        type: 2}
      propertyPath: sustainFrozenGameplay
      value: 1
      objectReference: {fileID: 0}
    m_RemovedComponents: []
  m_ParentPrefab: {fileID: 100100000, guid: 0847309a5d8df4536867aa60bed37d63, type: 2}
  m_IsPrefabParent: 0
--- !u!114 &1117065973 stripped
MonoBehaviour:
  m_PrefabParentObject: {fileID: 114414497132418382, guid: 0847309a5d8df4536867aa60bed37d63,
    type: 2}
  m_PrefabInternal: {fileID: 1160092211}
  m_Script: {fileID: 11500000, guid: 5547955938c5444878001ae57695a3a2, type: 3}
--- !u!1001 &1129759263
Prefab:
  m_ObjectHideFlags: 0
  serializedVersion: 2
  m_Modification:
    m_TransformParent: {fileID: 0}
    m_Modifications:
    - target: {fileID: 4288812001915628, guid: f23f6939f88f542d386a90e9df8c515b, type: 2}
      propertyPath: m_LocalPosition.x
      value: 0.03
      objectReference: {fileID: 0}
    - target: {fileID: 4288812001915628, guid: f23f6939f88f542d386a90e9df8c515b, type: 2}
      propertyPath: m_LocalPosition.y
      value: 10.4
      objectReference: {fileID: 0}
    - target: {fileID: 4288812001915628, guid: f23f6939f88f542d386a90e9df8c515b, type: 2}
      propertyPath: m_LocalPosition.z
      value: 0
      objectReference: {fileID: 0}
    - target: {fileID: 4288812001915628, guid: f23f6939f88f542d386a90e9df8c515b, type: 2}
      propertyPath: m_LocalRotation.x
      value: 0
      objectReference: {fileID: 0}
    - target: {fileID: 4288812001915628, guid: f23f6939f88f542d386a90e9df8c515b, type: 2}
      propertyPath: m_LocalRotation.y
      value: 0
      objectReference: {fileID: 0}
    - target: {fileID: 4288812001915628, guid: f23f6939f88f542d386a90e9df8c515b, type: 2}
      propertyPath: m_LocalRotation.z
      value: 0
      objectReference: {fileID: 0}
    - target: {fileID: 4288812001915628, guid: f23f6939f88f542d386a90e9df8c515b, type: 2}
      propertyPath: m_LocalRotation.w
      value: 1
      objectReference: {fileID: 0}
    - target: {fileID: 4288812001915628, guid: f23f6939f88f542d386a90e9df8c515b, type: 2}
      propertyPath: m_RootOrder
      value: 11
      objectReference: {fileID: 0}
    - target: {fileID: 212563162450550010, guid: f23f6939f88f542d386a90e9df8c515b,
        type: 2}
      propertyPath: m_Enabled
      value: 0
      objectReference: {fileID: 0}
    - target: {fileID: 33720040122250456, guid: f23f6939f88f542d386a90e9df8c515b,
        type: 2}
      propertyPath: m_Mesh
      value: 
      objectReference: {fileID: 1773109640}
    - target: {fileID: 114088647269960894, guid: f23f6939f88f542d386a90e9df8c515b,
        type: 2}
      propertyPath: dialogue
      value: 
      objectReference: {fileID: 726371683}
    - target: {fileID: 1254347818564658, guid: f23f6939f88f542d386a90e9df8c515b, type: 2}
      propertyPath: m_Name
      value: EnableGameplayElements
      objectReference: {fileID: 0}
    m_RemovedComponents: []
  m_ParentPrefab: {fileID: 100100000, guid: f23f6939f88f542d386a90e9df8c515b, type: 2}
  m_IsPrefabParent: 0
--- !u!1001 &1160092211
Prefab:
  m_ObjectHideFlags: 0
  serializedVersion: 2
  m_Modification:
    m_TransformParent: {fileID: 0}
    m_Modifications:
    - target: {fileID: 4841661631865990, guid: 0847309a5d8df4536867aa60bed37d63, type: 2}
      propertyPath: m_LocalPosition.x
      value: -5.0877714
      objectReference: {fileID: 0}
    - target: {fileID: 4841661631865990, guid: 0847309a5d8df4536867aa60bed37d63, type: 2}
      propertyPath: m_LocalPosition.y
      value: 9.090908
      objectReference: {fileID: 0}
    - target: {fileID: 4841661631865990, guid: 0847309a5d8df4536867aa60bed37d63, type: 2}
      propertyPath: m_LocalPosition.z
      value: 0
      objectReference: {fileID: 0}
    - target: {fileID: 4841661631865990, guid: 0847309a5d8df4536867aa60bed37d63, type: 2}
      propertyPath: m_LocalRotation.x
      value: 0
      objectReference: {fileID: 0}
    - target: {fileID: 4841661631865990, guid: 0847309a5d8df4536867aa60bed37d63, type: 2}
      propertyPath: m_LocalRotation.y
      value: 0
      objectReference: {fileID: 0}
    - target: {fileID: 4841661631865990, guid: 0847309a5d8df4536867aa60bed37d63, type: 2}
      propertyPath: m_LocalRotation.z
      value: 0
      objectReference: {fileID: 0}
    - target: {fileID: 4841661631865990, guid: 0847309a5d8df4536867aa60bed37d63, type: 2}
      propertyPath: m_LocalRotation.w
      value: 1
      objectReference: {fileID: 0}
    - target: {fileID: 4841661631865990, guid: 0847309a5d8df4536867aa60bed37d63, type: 2}
      propertyPath: m_RootOrder
      value: 14
      objectReference: {fileID: 0}
    - target: {fileID: 212352109864724200, guid: 0847309a5d8df4536867aa60bed37d63,
        type: 2}
      propertyPath: m_Enabled
      value: 0
      objectReference: {fileID: 0}
    - target: {fileID: 114414497132418382, guid: 0847309a5d8df4536867aa60bed37d63,
        type: 2}
      propertyPath: enableEnergy
      value: 0
      objectReference: {fileID: 0}
    - target: {fileID: 114414497132418382, guid: 0847309a5d8df4536867aa60bed37d63,
        type: 2}
      propertyPath: dialogue.Array.data[0]
      value: Enable stamina
      objectReference: {fileID: 0}
    - target: {fileID: 114414497132418382, guid: 0847309a5d8df4536867aa60bed37d63,
        type: 2}
      propertyPath: enableBinoculars
      value: 0
      objectReference: {fileID: 0}
    - target: {fileID: 114414497132418382, guid: 0847309a5d8df4536867aa60bed37d63,
        type: 2}
      propertyPath: startTimer
      value: 0
      objectReference: {fileID: 0}
    - target: {fileID: 114414497132418382, guid: 0847309a5d8df4536867aa60bed37d63,
        type: 2}
      propertyPath: timerSeconds
      value: 0
      objectReference: {fileID: 0}
    - target: {fileID: 114414497132418382, guid: 0847309a5d8df4536867aa60bed37d63,
        type: 2}
      propertyPath: triggerNextDialogue
      value: 
      objectReference: {fileID: 1177247840}
    - target: {fileID: 1519394423414924, guid: 0847309a5d8df4536867aa60bed37d63, type: 2}
      propertyPath: m_Name
      value: Stamina
      objectReference: {fileID: 0}
    - target: {fileID: 114414497132418382, guid: 0847309a5d8df4536867aa60bed37d63,
        type: 2}
      propertyPath: enableStamina
      value: 1
      objectReference: {fileID: 0}
    - target: {fileID: 114414497132418382, guid: 0847309a5d8df4536867aa60bed37d63,
        type: 2}
      propertyPath: freezeGameplay
      value: 1
      objectReference: {fileID: 0}
    m_RemovedComponents: []
  m_ParentPrefab: {fileID: 100100000, guid: 0847309a5d8df4536867aa60bed37d63, type: 2}
  m_IsPrefabParent: 0
--- !u!114 &1177247840 stripped
MonoBehaviour:
  m_PrefabParentObject: {fileID: 114414497132418382, guid: 0847309a5d8df4536867aa60bed37d63,
    type: 2}
  m_PrefabInternal: {fileID: 2135271126}
  m_Script: {fileID: 11500000, guid: 5547955938c5444878001ae57695a3a2, type: 3}
--- !u!1 &1263143100
GameObject:
  m_ObjectHideFlags: 0
  m_PrefabParentObject: {fileID: 1859135760842334, guid: e048f7e225daa484c9392e95c9a1cb81,
    type: 2}
  m_PrefabInternal: {fileID: 0}
  serializedVersion: 5
  m_Component:
  - component: {fileID: 1263143101}
  - component: {fileID: 1263143104}
  - component: {fileID: 1263143103}
  - component: {fileID: 1263143102}
  m_Layer: 10
  m_Name: TallImpassablePlaceholder
  m_TagString: Untagged
  m_Icon: {fileID: 0}
  m_NavMeshLayer: 0
  m_StaticEditorFlags: 0
  m_IsActive: 1
--- !u!4 &1263143101
Transform:
  m_ObjectHideFlags: 0
  m_PrefabParentObject: {fileID: 4585281586735264, guid: e048f7e225daa484c9392e95c9a1cb81,
    type: 2}
  m_PrefabInternal: {fileID: 0}
  m_GameObject: {fileID: 1263143100}
  m_LocalRotation: {x: -0, y: -0, z: -0, w: 1}
  m_LocalPosition: {x: -11.285953, y: 8.268616, z: 0}
  m_LocalScale: {x: 1, y: 1, z: 1}
  m_Children: []
  m_Father: {fileID: 1037969487}
  m_RootOrder: 6
  m_LocalEulerAnglesHint: {x: 0, y: 0, z: 0}
--- !u!212 &1263143102
SpriteRenderer:
  m_ObjectHideFlags: 0
  m_PrefabParentObject: {fileID: 212994284598553322, guid: e048f7e225daa484c9392e95c9a1cb81,
    type: 2}
  m_PrefabInternal: {fileID: 0}
  m_GameObject: {fileID: 1263143100}
  m_Enabled: 0
  m_CastShadows: 0
  m_ReceiveShadows: 0
  m_DynamicOccludee: 1
  m_MotionVectors: 1
  m_LightProbeUsage: 1
  m_ReflectionProbeUsage: 1
  m_RenderingLayerMask: 4294967295
  m_Materials:
  - {fileID: 10754, guid: 0000000000000000f000000000000000, type: 0}
  m_StaticBatchInfo:
    firstSubMesh: 0
    subMeshCount: 0
  m_StaticBatchRoot: {fileID: 0}
  m_ProbeAnchor: {fileID: 0}
  m_LightProbeVolumeOverride: {fileID: 0}
  m_ScaleInLightmap: 1
  m_PreserveUVs: 0
  m_IgnoreNormalsForChartDetection: 0
  m_ImportantGI: 0
  m_StitchLightmapSeams: 0
  m_SelectedEditorRenderState: 0
  m_MinimumChartSize: 4
  m_AutoUVMaxDistance: 0.5
  m_AutoUVMaxAngle: 89
  m_LightmapParameters: {fileID: 0}
  m_SortingLayerID: 0
  m_SortingLayer: 0
  m_SortingOrder: 0
  m_Sprite: {fileID: 21300000, guid: 63178fd7ac1fc4cff8207fd95bc492bf, type: 3}
  m_Color: {r: 1, g: 1, b: 1, a: 1}
  m_FlipX: 0
  m_FlipY: 0
  m_DrawMode: 0
  m_Size: {x: 10.94, y: 10}
  m_AdaptiveModeThreshold: 0.5
  m_SpriteTileMode: 0
  m_WasSpriteAssigned: 1
  m_MaskInteraction: 0
--- !u!60 &1263143103
PolygonCollider2D:
  m_ObjectHideFlags: 0
  m_PrefabParentObject: {fileID: 60660806434257950, guid: e048f7e225daa484c9392e95c9a1cb81,
    type: 2}
  m_PrefabInternal: {fileID: 0}
  m_GameObject: {fileID: 1263143100}
  m_Enabled: 1
  m_Density: 1
  m_Material: {fileID: 6200000, guid: 7032fbbeda8a44164bc29c89ec413ed0, type: 2}
  m_IsTrigger: 0
  m_UsedByEffector: 0
  m_UsedByComposite: 0
  m_Offset: {x: 0, y: 0}
  m_SpriteTilingProperty:
    border: {x: 0, y: 0, z: 0, w: 0}
    pivot: {x: 0.5, y: 0.5}
    oldSize: {x: 3, y: 3}
    newSize: {x: 10.94, y: 10}
    adaptiveTilingThreshold: 0.5
    drawMode: 0
    adaptiveTiling: 0
  m_AutoTiling: 0
  m_Points:
    m_Paths:
    - - {x: -5, y: 5}
      - {x: -5, y: -5}
      - {x: 5, y: -5}
      - {x: 5, y: 5}
--- !u!114 &1263143104
MonoBehaviour:
  m_ObjectHideFlags: 0
  m_PrefabParentObject: {fileID: 114482297881813894, guid: e048f7e225daa484c9392e95c9a1cb81,
    type: 2}
  m_PrefabInternal: {fileID: 0}
  m_GameObject: {fileID: 1263143100}
  m_Enabled: 1
  m_EditorHideFlags: 0
  m_Script: {fileID: 11500000, guid: eced60c990afb624194ca662c250427e, type: 3}
  m_Name: 
  m_EditorClassIdentifier: 
  prefabInheritsScale: 0
  prefabInheritsRotation: 1
  prefab: {fileID: 1123559693456134, guid: b2c467bf493924207acb8218b118067e, type: 2}
--- !u!1001 &1290466872
Prefab:
  m_ObjectHideFlags: 0
  serializedVersion: 2
  m_Modification:
    m_TransformParent: {fileID: 0}
    m_Modifications:
    - target: {fileID: 224702861268450878, guid: 63b7fe016f77b4a92839ef4c4eea7c04,
        type: 2}
      propertyPath: m_LocalPosition.x
      value: 0
      objectReference: {fileID: 0}
    - target: {fileID: 224702861268450878, guid: 63b7fe016f77b4a92839ef4c4eea7c04,
        type: 2}
      propertyPath: m_LocalPosition.y
      value: 0
      objectReference: {fileID: 0}
    - target: {fileID: 224702861268450878, guid: 63b7fe016f77b4a92839ef4c4eea7c04,
        type: 2}
      propertyPath: m_LocalPosition.z
      value: 0
      objectReference: {fileID: 0}
    - target: {fileID: 224702861268450878, guid: 63b7fe016f77b4a92839ef4c4eea7c04,
        type: 2}
      propertyPath: m_LocalRotation.x
      value: 0
      objectReference: {fileID: 0}
    - target: {fileID: 224702861268450878, guid: 63b7fe016f77b4a92839ef4c4eea7c04,
        type: 2}
      propertyPath: m_LocalRotation.y
      value: 0
      objectReference: {fileID: 0}
    - target: {fileID: 224702861268450878, guid: 63b7fe016f77b4a92839ef4c4eea7c04,
        type: 2}
      propertyPath: m_LocalRotation.z
      value: 0
      objectReference: {fileID: 0}
    - target: {fileID: 224702861268450878, guid: 63b7fe016f77b4a92839ef4c4eea7c04,
        type: 2}
      propertyPath: m_LocalRotation.w
      value: 1
      objectReference: {fileID: 0}
    - target: {fileID: 224702861268450878, guid: 63b7fe016f77b4a92839ef4c4eea7c04,
        type: 2}
      propertyPath: m_RootOrder
      value: 1
      objectReference: {fileID: 0}
    - target: {fileID: 224702861268450878, guid: 63b7fe016f77b4a92839ef4c4eea7c04,
        type: 2}
      propertyPath: m_AnchoredPosition.x
      value: 0
      objectReference: {fileID: 0}
    - target: {fileID: 224702861268450878, guid: 63b7fe016f77b4a92839ef4c4eea7c04,
        type: 2}
      propertyPath: m_AnchoredPosition.y
      value: 0
      objectReference: {fileID: 0}
    - target: {fileID: 224702861268450878, guid: 63b7fe016f77b4a92839ef4c4eea7c04,
        type: 2}
      propertyPath: m_SizeDelta.x
      value: 0
      objectReference: {fileID: 0}
    - target: {fileID: 224702861268450878, guid: 63b7fe016f77b4a92839ef4c4eea7c04,
        type: 2}
      propertyPath: m_SizeDelta.y
      value: 0
      objectReference: {fileID: 0}
    - target: {fileID: 224702861268450878, guid: 63b7fe016f77b4a92839ef4c4eea7c04,
        type: 2}
      propertyPath: m_AnchorMin.x
      value: 0
      objectReference: {fileID: 0}
    - target: {fileID: 224702861268450878, guid: 63b7fe016f77b4a92839ef4c4eea7c04,
        type: 2}
      propertyPath: m_AnchorMin.y
      value: 0
      objectReference: {fileID: 0}
    - target: {fileID: 224702861268450878, guid: 63b7fe016f77b4a92839ef4c4eea7c04,
        type: 2}
      propertyPath: m_AnchorMax.x
      value: 0
      objectReference: {fileID: 0}
    - target: {fileID: 224702861268450878, guid: 63b7fe016f77b4a92839ef4c4eea7c04,
        type: 2}
      propertyPath: m_AnchorMax.y
      value: 0
      objectReference: {fileID: 0}
    - target: {fileID: 224702861268450878, guid: 63b7fe016f77b4a92839ef4c4eea7c04,
        type: 2}
      propertyPath: m_Pivot.x
      value: 0
      objectReference: {fileID: 0}
    - target: {fileID: 224702861268450878, guid: 63b7fe016f77b4a92839ef4c4eea7c04,
        type: 2}
      propertyPath: m_Pivot.y
      value: 0
      objectReference: {fileID: 0}
    - target: {fileID: 1558004458558290, guid: 63b7fe016f77b4a92839ef4c4eea7c04, type: 2}
      propertyPath: m_IsActive
      value: 0
      objectReference: {fileID: 0}
    m_RemovedComponents: []
  m_ParentPrefab: {fileID: 100100000, guid: 63b7fe016f77b4a92839ef4c4eea7c04, type: 2}
  m_IsPrefabParent: 0
--- !u!1001 &1460968700
Prefab:
  m_ObjectHideFlags: 0
  serializedVersion: 2
  m_Modification:
    m_TransformParent: {fileID: 0}
    m_Modifications:
    - target: {fileID: 4364351494216472, guid: c4fad1e49920a7c47bfe4170d9694298, type: 2}
      propertyPath: m_LocalPosition.x
      value: 0
      objectReference: {fileID: 0}
    - target: {fileID: 4364351494216472, guid: c4fad1e49920a7c47bfe4170d9694298, type: 2}
      propertyPath: m_LocalPosition.y
      value: 0
      objectReference: {fileID: 0}
    - target: {fileID: 4364351494216472, guid: c4fad1e49920a7c47bfe4170d9694298, type: 2}
      propertyPath: m_LocalPosition.z
      value: -10
      objectReference: {fileID: 0}
    - target: {fileID: 4364351494216472, guid: c4fad1e49920a7c47bfe4170d9694298, type: 2}
      propertyPath: m_LocalRotation.x
      value: 0
      objectReference: {fileID: 0}
    - target: {fileID: 4364351494216472, guid: c4fad1e49920a7c47bfe4170d9694298, type: 2}
      propertyPath: m_LocalRotation.y
      value: 0
      objectReference: {fileID: 0}
    - target: {fileID: 4364351494216472, guid: c4fad1e49920a7c47bfe4170d9694298, type: 2}
      propertyPath: m_LocalRotation.z
      value: 0
      objectReference: {fileID: 0}
    - target: {fileID: 4364351494216472, guid: c4fad1e49920a7c47bfe4170d9694298, type: 2}
      propertyPath: m_LocalRotation.w
      value: 1
      objectReference: {fileID: 0}
    - target: {fileID: 4364351494216472, guid: c4fad1e49920a7c47bfe4170d9694298, type: 2}
      propertyPath: m_RootOrder
      value: 0
      objectReference: {fileID: 0}
    - target: {fileID: 1793687793471746, guid: c4fad1e49920a7c47bfe4170d9694298, type: 2}
      propertyPath: m_IsActive
      value: 1
      objectReference: {fileID: 0}
    m_RemovedComponents: []
  m_ParentPrefab: {fileID: 100100000, guid: c4fad1e49920a7c47bfe4170d9694298, type: 2}
  m_IsPrefabParent: 0
--- !u!1 &1488565185
GameObject:
  m_ObjectHideFlags: 0
  m_PrefabParentObject: {fileID: 1443320235607290, guid: e048f7e225daa484c9392e95c9a1cb81,
    type: 2}
  m_PrefabInternal: {fileID: 0}
  serializedVersion: 5
  m_Component:
  - component: {fileID: 1488565191}
  - component: {fileID: 1488565190}
  - component: {fileID: 1488565186}
  - component: {fileID: 1488565189}
  - component: {fileID: 1488565188}
  - component: {fileID: 1488565187}
  m_Layer: 0
  m_Name: Trigger
  m_TagString: Untagged
  m_Icon: {fileID: 0}
  m_NavMeshLayer: 0
  m_StaticEditorFlags: 0
  m_IsActive: 1
--- !u!114 &1488565186
MonoBehaviour:
  m_ObjectHideFlags: 0
  m_PrefabParentObject: {fileID: 114146798257089586, guid: e048f7e225daa484c9392e95c9a1cb81,
    type: 2}
  m_PrefabInternal: {fileID: 0}
  m_GameObject: {fileID: 1488565185}
  m_Enabled: 1
  m_EditorHideFlags: 0
  m_Script: {fileID: 11500000, guid: 559d8f72de1234d648ad46e11e5d8392, type: 3}
  m_Name: 
  m_EditorClassIdentifier: 
--- !u!114 &1488565187
MonoBehaviour:
  m_ObjectHideFlags: 0
  m_PrefabParentObject: {fileID: 114283855402121438, guid: e048f7e225daa484c9392e95c9a1cb81,
    type: 2}
  m_PrefabInternal: {fileID: 0}
  m_GameObject: {fileID: 1488565185}
  m_Enabled: 1
  m_EditorHideFlags: 0
  m_Script: {fileID: 11500000, guid: 1bb54081cdfa042c8ab3f594ab5c6827, type: 3}
  m_Name: 
  m_EditorClassIdentifier: 
  outline: 2
--- !u!33 &1488565188
MeshFilter:
  m_ObjectHideFlags: 0
  m_PrefabParentObject: {fileID: 33703859325790388, guid: e048f7e225daa484c9392e95c9a1cb81,
    type: 2}
  m_PrefabInternal: {fileID: 0}
  m_GameObject: {fileID: 1488565185}
  m_Mesh: {fileID: 554557374}
--- !u!23 &1488565189
MeshRenderer:
  m_ObjectHideFlags: 0
  m_PrefabParentObject: {fileID: 23462605718140000, guid: e048f7e225daa484c9392e95c9a1cb81,
    type: 2}
  m_PrefabInternal: {fileID: 0}
  m_GameObject: {fileID: 1488565185}
  m_Enabled: 1
  m_CastShadows: 1
  m_ReceiveShadows: 1
  m_DynamicOccludee: 1
  m_MotionVectors: 1
  m_LightProbeUsage: 1
  m_ReflectionProbeUsage: 1
  m_RenderingLayerMask: 4294967295
  m_Materials:
  - {fileID: 2100000, guid: b6b621dace50a4d3296500e6ceafa837, type: 2}
  m_StaticBatchInfo:
    firstSubMesh: 0
    subMeshCount: 0
  m_StaticBatchRoot: {fileID: 0}
  m_ProbeAnchor: {fileID: 0}
  m_LightProbeVolumeOverride: {fileID: 0}
  m_ScaleInLightmap: 1
  m_PreserveUVs: 0
  m_IgnoreNormalsForChartDetection: 0
  m_ImportantGI: 0
  m_StitchLightmapSeams: 0
  m_SelectedEditorRenderState: 3
  m_MinimumChartSize: 4
  m_AutoUVMaxDistance: 0.5
  m_AutoUVMaxAngle: 89
  m_LightmapParameters: {fileID: 0}
  m_SortingLayerID: 0
  m_SortingLayer: 0
  m_SortingOrder: 0
--- !u!60 &1488565190
PolygonCollider2D:
  m_ObjectHideFlags: 0
  m_PrefabParentObject: {fileID: 60027338649007396, guid: e048f7e225daa484c9392e95c9a1cb81,
    type: 2}
  m_PrefabInternal: {fileID: 0}
  m_GameObject: {fileID: 1488565185}
  m_Enabled: 1
  m_Density: 1
  m_Material: {fileID: 0}
  m_IsTrigger: 1
  m_UsedByEffector: 0
  m_UsedByComposite: 0
  m_Offset: {x: 0, y: 0}
  m_SpriteTilingProperty:
    border: {x: 0, y: 0, z: 0, w: 0}
    pivot: {x: 0, y: 0}
    oldSize: {x: 0, y: 0}
    newSize: {x: 0, y: 0}
    adaptiveTilingThreshold: 0
    drawMode: 0
    adaptiveTiling: 0
  m_AutoTiling: 0
  m_Points:
    m_Paths:
    - - {x: -1, y: 1}
      - {x: -1, y: -1}
      - {x: 1, y: -1}
      - {x: 1, y: 1}
--- !u!4 &1488565191
Transform:
  m_ObjectHideFlags: 0
  m_PrefabParentObject: {fileID: 4557594152181792, guid: e048f7e225daa484c9392e95c9a1cb81,
    type: 2}
  m_PrefabInternal: {fileID: 0}
  m_GameObject: {fileID: 1488565185}
  m_LocalRotation: {x: -0, y: -0, z: -0, w: 1}
  m_LocalPosition: {x: 3.9999995, y: 0, z: 0}
  m_LocalScale: {x: 1, y: 1, z: 1}
  m_Children: []
  m_Father: {fileID: 1943533673}
  m_RootOrder: 0
  m_LocalEulerAnglesHint: {x: 0, y: 0, z: 0}
--- !u!43 &1773109640
Mesh:
  m_ObjectHideFlags: 0
  m_PrefabParentObject: {fileID: 0}
  m_PrefabInternal: {fileID: 0}
  m_Name: 
  serializedVersion: 8
  m_SubMeshes:
  - serializedVersion: 2
    firstByte: 0
    indexCount: 6
    topology: 0
    baseVertex: 0
    firstVertex: 0
    vertexCount: 4
    localAABB:
      m_Center: {x: 0, y: 0, z: 0}
      m_Extent: {x: 2, y: 2, z: 0}
  m_Shapes:
    vertices: []
    shapes: []
    channels: []
    fullWeights: []
  m_BindPose: []
  m_BoneNameHashes: 
  m_RootBoneNameHash: 0
  m_MeshCompression: 0
  m_IsReadable: 1
  m_KeepVertices: 1
  m_KeepIndices: 1
  m_IndexFormat: 0
  m_IndexBuffer: 030002000100010000000300
  m_Skin: []
  m_VertexData:
    serializedVersion: 2
    m_VertexCount: 4
    m_Channels:
    - stream: 0
      offset: 0
      format: 0
      dimension: 3
    - stream: 0
      offset: 0
      format: 0
      dimension: 0
    - stream: 0
      offset: 0
      format: 0
      dimension: 0
    - stream: 0
      offset: 0
      format: 0
      dimension: 0
    - stream: 0
      offset: 12
      format: 0
      dimension: 2
    - stream: 0
      offset: 0
      format: 0
      dimension: 0
    - stream: 0
      offset: 0
      format: 0
      dimension: 0
    - stream: 0
      offset: 0
      format: 0
      dimension: 0
    - stream: 0
      offset: 0
      format: 0
      dimension: 0
    - stream: 0
      offset: 0
      format: 0
      dimension: 0
    - stream: 0
      offset: 0
      format: 0
      dimension: 0
    - stream: 0
      offset: 0
      format: 0
      dimension: 0
    m_DataSize: 80
    _typelessdata: 000000c00000004000000000000000c000000040000000c0000000c000000000000000c0000000c000000040000000c00000000000000040000000c00000004000000040000000000000004000000040
  m_CompressedMesh:
    m_Vertices:
      m_NumItems: 0
      m_Range: 0
      m_Start: 0
      m_Data: 
      m_BitSize: 0
    m_UV:
      m_NumItems: 0
      m_Range: 0
      m_Start: 0
      m_Data: 
      m_BitSize: 0
    m_Normals:
      m_NumItems: 0
      m_Range: 0
      m_Start: 0
      m_Data: 
      m_BitSize: 0
    m_Tangents:
      m_NumItems: 0
      m_Range: 0
      m_Start: 0
      m_Data: 
      m_BitSize: 0
    m_Weights:
      m_NumItems: 0
      m_Data: 
      m_BitSize: 0
    m_NormalSigns:
      m_NumItems: 0
      m_Data: 
      m_BitSize: 0
    m_TangentSigns:
      m_NumItems: 0
      m_Data: 
      m_BitSize: 0
    m_FloatColors:
      m_NumItems: 0
      m_Range: 0
      m_Start: 0
      m_Data: 
      m_BitSize: 0
    m_BoneIndices:
      m_NumItems: 0
      m_Data: 
      m_BitSize: 0
    m_Triangles:
      m_NumItems: 0
      m_Data: 
      m_BitSize: 0
    m_UVInfo: 0
  m_LocalAABB:
    m_Center: {x: 0, y: 0, z: 0}
    m_Extent: {x: 2, y: 2, z: 0}
  m_MeshUsageFlags: 0
  m_BakedConvexCollisionMesh: 
  m_BakedTriangleCollisionMesh: 
  m_MeshOptimized: 0
--- !u!4 &1778267701
Transform:
  m_ObjectHideFlags: 0
  m_PrefabParentObject: {fileID: 4568526012573148, guid: e048f7e225daa484c9392e95c9a1cb81,
    type: 2}
  m_PrefabInternal: {fileID: 0}
  m_GameObject: {fileID: 687946760}
  m_LocalRotation: {x: -0, y: -0, z: -0, w: 1}
  m_LocalPosition: {x: 8.533503, y: 5.45502, z: 0}
  m_LocalScale: {x: 1, y: 1, z: 1}
  m_Children: []
  m_Father: {fileID: 1037969487}
  m_RootOrder: 3
  m_LocalEulerAnglesHint: {x: 0, y: 0, z: 0}
--- !u!114 &1806480318 stripped
MonoBehaviour:
  m_PrefabParentObject: {fileID: 114414497132418382, guid: 0847309a5d8df4536867aa60bed37d63,
    type: 2}
  m_PrefabInternal: {fileID: 1081493325}
  m_Script: {fileID: 11500000, guid: 5547955938c5444878001ae57695a3a2, type: 3}
--- !u!1001 &1858081329
Prefab:
  m_ObjectHideFlags: 0
  serializedVersion: 2
  m_Modification:
    m_TransformParent: {fileID: 0}
    m_Modifications:
    - target: {fileID: 4841661631865990, guid: 0847309a5d8df4536867aa60bed37d63, type: 2}
      propertyPath: m_LocalPosition.x
      value: 0
      objectReference: {fileID: 0}
    - target: {fileID: 4841661631865990, guid: 0847309a5d8df4536867aa60bed37d63, type: 2}
      propertyPath: m_LocalPosition.y
      value: 0
      objectReference: {fileID: 0}
    - target: {fileID: 4841661631865990, guid: 0847309a5d8df4536867aa60bed37d63, type: 2}
      propertyPath: m_LocalPosition.z
      value: 0
      objectReference: {fileID: 0}
    - target: {fileID: 4841661631865990, guid: 0847309a5d8df4536867aa60bed37d63, type: 2}
      propertyPath: m_LocalRotation.x
      value: 0
      objectReference: {fileID: 0}
    - target: {fileID: 4841661631865990, guid: 0847309a5d8df4536867aa60bed37d63, type: 2}
      propertyPath: m_LocalRotation.y
      value: 0
      objectReference: {fileID: 0}
    - target: {fileID: 4841661631865990, guid: 0847309a5d8df4536867aa60bed37d63, type: 2}
      propertyPath: m_LocalRotation.z
      value: 0
      objectReference: {fileID: 0}
    - target: {fileID: 4841661631865990, guid: 0847309a5d8df4536867aa60bed37d63, type: 2}
      propertyPath: m_LocalRotation.w
      value: 1
      objectReference: {fileID: 0}
    - target: {fileID: 4841661631865990, guid: 0847309a5d8df4536867aa60bed37d63, type: 2}
      propertyPath: m_RootOrder
      value: 17
      objectReference: {fileID: 0}
    - target: {fileID: 212352109864724200, guid: 0847309a5d8df4536867aa60bed37d63,
        type: 2}
      propertyPath: m_Enabled
      value: 0
      objectReference: {fileID: 0}
    - target: {fileID: 1519394423414924, guid: 0847309a5d8df4536867aa60bed37d63, type: 2}
      propertyPath: m_Name
      value: Timer
      objectReference: {fileID: 0}
    - target: {fileID: 114414497132418382, guid: 0847309a5d8df4536867aa60bed37d63,
        type: 2}
      propertyPath: dialogue.Array.data[0]
      value: Start timer
      objectReference: {fileID: 0}
    - target: {fileID: 114414497132418382, guid: 0847309a5d8df4536867aa60bed37d63,
        type: 2}
      propertyPath: startTimer
      value: 1
      objectReference: {fileID: 0}
    - target: {fileID: 114414497132418382, guid: 0847309a5d8df4536867aa60bed37d63,
        type: 2}
      propertyPath: timerSeconds
      value: 20
      objectReference: {fileID: 0}
    - target: {fileID: 114414497132418382, guid: 0847309a5d8df4536867aa60bed37d63,
        type: 2}
      propertyPath: triggerNextDialogue
      value: 
      objectReference: {fileID: 13018160}
    - target: {fileID: 114414497132418382, guid: 0847309a5d8df4536867aa60bed37d63,
        type: 2}
      propertyPath: freezeGameplay
      value: 1
      objectReference: {fileID: 0}
    m_RemovedComponents: []
  m_ParentPrefab: {fileID: 100100000, guid: 0847309a5d8df4536867aa60bed37d63, type: 2}
  m_IsPrefabParent: 0
--- !u!1001 &1861837402
Prefab:
  m_ObjectHideFlags: 0
  serializedVersion: 2
  m_Modification:
    m_TransformParent: {fileID: 0}
    m_Modifications:
    - target: {fileID: 4841661631865990, guid: 0847309a5d8df4536867aa60bed37d63, type: 2}
      propertyPath: m_LocalPosition.x
      value: 0
      objectReference: {fileID: 0}
    - target: {fileID: 4841661631865990, guid: 0847309a5d8df4536867aa60bed37d63, type: 2}
      propertyPath: m_LocalPosition.y
      value: 0
      objectReference: {fileID: 0}
    - target: {fileID: 4841661631865990, guid: 0847309a5d8df4536867aa60bed37d63, type: 2}
      propertyPath: m_LocalPosition.z
      value: 0
      objectReference: {fileID: 0}
    - target: {fileID: 4841661631865990, guid: 0847309a5d8df4536867aa60bed37d63, type: 2}
      propertyPath: m_LocalRotation.x
      value: 0
      objectReference: {fileID: 0}
    - target: {fileID: 4841661631865990, guid: 0847309a5d8df4536867aa60bed37d63, type: 2}
      propertyPath: m_LocalRotation.y
      value: 0
      objectReference: {fileID: 0}
    - target: {fileID: 4841661631865990, guid: 0847309a5d8df4536867aa60bed37d63, type: 2}
      propertyPath: m_LocalRotation.z
      value: 0
      objectReference: {fileID: 0}
    - target: {fileID: 4841661631865990, guid: 0847309a5d8df4536867aa60bed37d63, type: 2}
      propertyPath: m_LocalRotation.w
      value: 1
      objectReference: {fileID: 0}
    - target: {fileID: 4841661631865990, guid: 0847309a5d8df4536867aa60bed37d63, type: 2}
      propertyPath: m_RootOrder
      value: 9
      objectReference: {fileID: 0}
    - target: {fileID: 1519394423414924, guid: 0847309a5d8df4536867aa60bed37d63, type: 2}
      propertyPath: m_Name
      value: LevelWinDialog
      objectReference: {fileID: 0}
    - target: {fileID: 212352109864724200, guid: 0847309a5d8df4536867aa60bed37d63,
        type: 2}
      propertyPath: m_Enabled
      value: 0
      objectReference: {fileID: 0}
    - target: {fileID: 114414497132418382, guid: 0847309a5d8df4536867aa60bed37d63,
        type: 2}
      propertyPath: dialogue.Array.data[0]
      value: Well done
      objectReference: {fileID: 0}
    - target: {fileID: 114414497132418382, guid: 0847309a5d8df4536867aa60bed37d63,
        type: 2}
      propertyPath: speakingCharacter
      value: 1
      objectReference: {fileID: 0}
    m_RemovedComponents: []
  m_ParentPrefab: {fileID: 100100000, guid: 0847309a5d8df4536867aa60bed37d63, type: 2}
  m_IsPrefabParent: 0
--- !u!1 &1875941908
GameObject:
  m_ObjectHideFlags: 0
  m_PrefabParentObject: {fileID: 1131331288517486, guid: e048f7e225daa484c9392e95c9a1cb81,
    type: 2}
  m_PrefabInternal: {fileID: 0}
  serializedVersion: 5
  m_Component:
  - component: {fileID: 1875941911}
  - component: {fileID: 1875941909}
  - component: {fileID: 1875941910}
  m_Layer: 0
  m_Name: NestPlaceholder
  m_TagString: Untagged
  m_Icon: {fileID: 0}
  m_NavMeshLayer: 0
  m_StaticEditorFlags: 0
  m_IsActive: 1
--- !u!114 &1875941909
MonoBehaviour:
  m_ObjectHideFlags: 0
  m_PrefabParentObject: {fileID: 114106768928846406, guid: e048f7e225daa484c9392e95c9a1cb81,
    type: 2}
  m_PrefabInternal: {fileID: 0}
  m_GameObject: {fileID: 1875941908}
  m_Enabled: 1
  m_EditorHideFlags: 0
  m_Script: {fileID: 11500000, guid: eced60c990afb624194ca662c250427e, type: 3}
  m_Name: 
  m_EditorClassIdentifier: 
  prefabInheritsScale: 0
  prefabInheritsRotation: 0
  prefab: {fileID: 1471118691863880, guid: ea54f1ba9e3844445a8de44a93b10848, type: 2}
--- !u!212 &1875941910
SpriteRenderer:
  m_ObjectHideFlags: 0
  m_PrefabParentObject: {fileID: 212542893161737154, guid: e048f7e225daa484c9392e95c9a1cb81,
    type: 2}
  m_PrefabInternal: {fileID: 0}
  m_GameObject: {fileID: 1875941908}
  m_Enabled: 0
  m_CastShadows: 0
  m_ReceiveShadows: 0
  m_DynamicOccludee: 1
  m_MotionVectors: 1
  m_LightProbeUsage: 1
  m_ReflectionProbeUsage: 1
  m_RenderingLayerMask: 4294967295
  m_Materials:
  - {fileID: 10754, guid: 0000000000000000f000000000000000, type: 0}
  m_StaticBatchInfo:
    firstSubMesh: 0
    subMeshCount: 0
  m_StaticBatchRoot: {fileID: 0}
  m_ProbeAnchor: {fileID: 0}
  m_LightProbeVolumeOverride: {fileID: 0}
  m_ScaleInLightmap: 1
  m_PreserveUVs: 0
  m_IgnoreNormalsForChartDetection: 0
  m_ImportantGI: 0
  m_StitchLightmapSeams: 0
  m_SelectedEditorRenderState: 0
  m_MinimumChartSize: 4
  m_AutoUVMaxDistance: 0.5
  m_AutoUVMaxAngle: 89
  m_LightmapParameters: {fileID: 0}
  m_SortingLayerID: 0
  m_SortingLayer: 0
  m_SortingOrder: 0
  m_Sprite: {fileID: 21300000, guid: 33fc2c32ab7848e40a21bf16d71ea831, type: 3}
  m_Color: {r: 1, g: 1, b: 1, a: 1}
  m_FlipX: 0
  m_FlipY: 0
  m_DrawMode: 0
  m_Size: {x: 5, y: 8.53}
  m_AdaptiveModeThreshold: 0.5
  m_SpriteTileMode: 0
  m_WasSpriteAssigned: 1
  m_MaskInteraction: 0
--- !u!4 &1875941911
Transform:
  m_ObjectHideFlags: 0
  m_PrefabParentObject: {fileID: 4988729335338154, guid: e048f7e225daa484c9392e95c9a1cb81,
    type: 2}
  m_PrefabInternal: {fileID: 0}
  m_GameObject: {fileID: 1875941908}
  m_LocalRotation: {x: -0, y: -0, z: -0, w: 1}
  m_LocalPosition: {x: -1.6340418, y: 8.7380085, z: 0}
  m_LocalScale: {x: 1, y: 1, z: 1}
  m_Children: []
  m_Father: {fileID: 1037969487}
  m_RootOrder: 4
  m_LocalEulerAnglesHint: {x: 0, y: 0, z: 0}
--- !u!1 &1943533670
GameObject:
  m_ObjectHideFlags: 0
  m_PrefabParentObject: {fileID: 1548500729694252, guid: e048f7e225daa484c9392e95c9a1cb81,
    type: 2}
  m_PrefabInternal: {fileID: 0}
  serializedVersion: 5
  m_Component:
  - component: {fileID: 1943533673}
  - component: {fileID: 1943533672}
  - component: {fileID: 1943533671}
  m_Layer: 0
  m_Name: SpitterPlaceholder
  m_TagString: Untagged
  m_Icon: {fileID: 0}
  m_NavMeshLayer: 0
  m_StaticEditorFlags: 0
  m_IsActive: 1
--- !u!212 &1943533671
SpriteRenderer:
  m_ObjectHideFlags: 0
  m_PrefabParentObject: {fileID: 212468475609374940, guid: e048f7e225daa484c9392e95c9a1cb81,
    type: 2}
  m_PrefabInternal: {fileID: 0}
  m_GameObject: {fileID: 1943533670}
  m_Enabled: 0
  m_CastShadows: 0
  m_ReceiveShadows: 0
  m_DynamicOccludee: 1
  m_MotionVectors: 1
  m_LightProbeUsage: 1
  m_ReflectionProbeUsage: 1
  m_RenderingLayerMask: 4294967295
  m_Materials:
  - {fileID: 10754, guid: 0000000000000000f000000000000000, type: 0}
  m_StaticBatchInfo:
    firstSubMesh: 0
    subMeshCount: 0
  m_StaticBatchRoot: {fileID: 0}
  m_ProbeAnchor: {fileID: 0}
  m_LightProbeVolumeOverride: {fileID: 0}
  m_ScaleInLightmap: 1
  m_PreserveUVs: 0
  m_IgnoreNormalsForChartDetection: 0
  m_ImportantGI: 0
  m_StitchLightmapSeams: 0
  m_SelectedEditorRenderState: 0
  m_MinimumChartSize: 4
  m_AutoUVMaxDistance: 0.5
  m_AutoUVMaxAngle: 89
  m_LightmapParameters: {fileID: 0}
  m_SortingLayerID: 0
  m_SortingLayer: 0
  m_SortingOrder: 0
  m_Sprite: {fileID: 21300000, guid: d003234a0ec0e62419569a585ef250db, type: 3}
  m_Color: {r: 1, g: 1, b: 1, a: 1}
  m_FlipX: 0
  m_FlipY: 0
  m_DrawMode: 0
  m_Size: {x: 7.8, y: 5.13}
  m_AdaptiveModeThreshold: 0.5
  m_SpriteTileMode: 0
  m_WasSpriteAssigned: 1
  m_MaskInteraction: 0
--- !u!114 &1943533672
MonoBehaviour:
  m_ObjectHideFlags: 0
  m_PrefabParentObject: {fileID: 114191772335294522, guid: e048f7e225daa484c9392e95c9a1cb81,
    type: 2}
  m_PrefabInternal: {fileID: 0}
  m_GameObject: {fileID: 1943533670}
  m_Enabled: 1
  m_EditorHideFlags: 0
  m_Script: {fileID: 11500000, guid: b0d935f396657456daac39bd14181acd, type: 3}
  m_Name: 
  m_EditorClassIdentifier: 
  prefabInheritsScale: 0
  prefabInheritsRotation: 0
  prefab: {fileID: 1383150228963338, guid: 5ba5bfd2bd2f44f11b06acc7fe092e37, type: 2}
--- !u!4 &1943533673
Transform:
  m_ObjectHideFlags: 0
  m_PrefabParentObject: {fileID: 4669648019713632, guid: e048f7e225daa484c9392e95c9a1cb81,
    type: 2}
  m_PrefabInternal: {fileID: 0}
  m_GameObject: {fileID: 1943533670}
  m_LocalRotation: {x: -0, y: -0, z: -0, w: 1}
  m_LocalPosition: {x: -3.35, y: 10.6, z: 0}
  m_LocalScale: {x: 1, y: 1, z: 1}
  m_Children:
  - {fileID: 1488565191}
  - {fileID: 2061637939}
  m_Father: {fileID: 1037969487}
  m_RootOrder: 0
  m_LocalEulerAnglesHint: {x: 0, y: 0, z: 0}
--- !u!1 &1951190024
GameObject:
  m_ObjectHideFlags: 0
  m_PrefabParentObject: {fileID: 1274336125590690, guid: e048f7e225daa484c9392e95c9a1cb81,
    type: 2}
  m_PrefabInternal: {fileID: 0}
  serializedVersion: 5
  m_Component:
  - component: {fileID: 192335032}
  - component: {fileID: 1951190026}
  - component: {fileID: 1951190025}
  m_Layer: 0
  m_Name: RoamingDinoPlaceholder
  m_TagString: Untagged
  m_Icon: {fileID: 0}
  m_NavMeshLayer: 0
  m_StaticEditorFlags: 0
  m_IsActive: 1
--- !u!212 &1951190025
SpriteRenderer:
  m_ObjectHideFlags: 0
  m_PrefabParentObject: {fileID: 212824359066247178, guid: e048f7e225daa484c9392e95c9a1cb81,
    type: 2}
  m_PrefabInternal: {fileID: 0}
  m_GameObject: {fileID: 1951190024}
  m_Enabled: 0
  m_CastShadows: 0
  m_ReceiveShadows: 0
  m_DynamicOccludee: 1
  m_MotionVectors: 1
  m_LightProbeUsage: 1
  m_ReflectionProbeUsage: 1
  m_RenderingLayerMask: 4294967295
  m_Materials:
  - {fileID: 10754, guid: 0000000000000000f000000000000000, type: 0}
  m_StaticBatchInfo:
    firstSubMesh: 0
    subMeshCount: 0
  m_StaticBatchRoot: {fileID: 0}
  m_ProbeAnchor: {fileID: 0}
  m_LightProbeVolumeOverride: {fileID: 0}
  m_ScaleInLightmap: 1
  m_PreserveUVs: 0
  m_IgnoreNormalsForChartDetection: 0
  m_ImportantGI: 0
  m_StitchLightmapSeams: 0
  m_SelectedEditorRenderState: 0
  m_MinimumChartSize: 4
  m_AutoUVMaxDistance: 0.5
  m_AutoUVMaxAngle: 89
  m_LightmapParameters: {fileID: 0}
  m_SortingLayerID: 0
  m_SortingLayer: 0
  m_SortingOrder: 0
  m_Sprite: {fileID: 21300000, guid: 4b2a1c7148366de47a867d2962e2fc1f, type: 3}
  m_Color: {r: 1, g: 1, b: 1, a: 1}
  m_FlipX: 0
  m_FlipY: 0
  m_DrawMode: 0
  m_Size: {x: 10.94, y: 10}
  m_AdaptiveModeThreshold: 0.5
  m_SpriteTileMode: 0
  m_WasSpriteAssigned: 1
  m_MaskInteraction: 0
--- !u!114 &1951190026
MonoBehaviour:
  m_ObjectHideFlags: 0
  m_PrefabParentObject: {fileID: 114886279618625300, guid: e048f7e225daa484c9392e95c9a1cb81,
    type: 2}
  m_PrefabInternal: {fileID: 0}
  m_GameObject: {fileID: 1951190024}
  m_Enabled: 1
  m_EditorHideFlags: 0
  m_Script: {fileID: 11500000, guid: d2577d89bb67f4911a5dd84b1247d4cb, type: 3}
  m_Name: 
  m_EditorClassIdentifier: 
  prefabInheritsScale: 0
  prefabInheritsRotation: 0
  dinoType: 2
  dinoTypedPrefabs:
  - type: 1
    prefab: {fileID: 1097437214102138, guid: cc79983fdf276406c9cfc0c6ff332bc1, type: 2}
  - type: 2
    prefab: {fileID: 1308348074193494, guid: 565892f5641024b1b99bdad2875c7586, type: 2}
  - type: 3
    prefab: {fileID: 1157611926626522, guid: 2f92fb9b3593f44a6b5b1c7eabb2dac9, type: 2}
  - type: 4
    prefab: {fileID: 1078212028342946, guid: f632d067094ed42a8be1e42f559f138e, type: 2}
  defendArea: {fileID: 0}
  roamRadius: 10
--- !u!1 &2061637938
GameObject:
  m_ObjectHideFlags: 0
  m_PrefabParentObject: {fileID: 1849916408224606, guid: e048f7e225daa484c9392e95c9a1cb81,
    type: 2}
  m_PrefabInternal: {fileID: 0}
  serializedVersion: 5
  m_Component:
  - component: {fileID: 2061637939}
  - component: {fileID: 2061637941}
  - component: {fileID: 2061637940}
  m_Layer: 0
  m_Name: Target
  m_TagString: Untagged
  m_Icon: {fileID: 0}
  m_NavMeshLayer: 0
  m_StaticEditorFlags: 0
  m_IsActive: 1
--- !u!4 &2061637939
Transform:
  m_ObjectHideFlags: 0
  m_PrefabParentObject: {fileID: 4613667839643554, guid: e048f7e225daa484c9392e95c9a1cb81,
    type: 2}
  m_PrefabInternal: {fileID: 0}
  m_GameObject: {fileID: 2061637938}
  m_LocalRotation: {x: -0, y: -0, z: -0, w: 1}
  m_LocalPosition: {x: 7.150001, y: 0, z: 0}
  m_LocalScale: {x: 0.2, y: 0.2, z: 0.2}
  m_Children: []
  m_Father: {fileID: 1943533673}
  m_RootOrder: 1
  m_LocalEulerAnglesHint: {x: 0, y: 0, z: 0}
--- !u!114 &2061637940
MonoBehaviour:
  m_ObjectHideFlags: 0
  m_PrefabParentObject: {fileID: 114054746285325732, guid: e048f7e225daa484c9392e95c9a1cb81,
    type: 2}
  m_PrefabInternal: {fileID: 0}
  m_GameObject: {fileID: 2061637938}
  m_Enabled: 1
  m_EditorHideFlags: 0
  m_Script: {fileID: 11500000, guid: edfb4655931ce4966a9adbcfb8e7172d, type: 3}
  m_Name: 
  m_EditorClassIdentifier: 
--- !u!212 &2061637941
SpriteRenderer:
  m_ObjectHideFlags: 0
  m_PrefabParentObject: {fileID: 212599012811703064, guid: e048f7e225daa484c9392e95c9a1cb81,
    type: 2}
  m_PrefabInternal: {fileID: 0}
  m_GameObject: {fileID: 2061637938}
  m_Enabled: 1
  m_CastShadows: 0
  m_ReceiveShadows: 0
  m_DynamicOccludee: 1
  m_MotionVectors: 1
  m_LightProbeUsage: 1
  m_ReflectionProbeUsage: 1
  m_RenderingLayerMask: 4294967295
  m_Materials:
  - {fileID: 10754, guid: 0000000000000000f000000000000000, type: 0}
  m_StaticBatchInfo:
    firstSubMesh: 0
    subMeshCount: 0
  m_StaticBatchRoot: {fileID: 0}
  m_ProbeAnchor: {fileID: 0}
  m_LightProbeVolumeOverride: {fileID: 0}
  m_ScaleInLightmap: 1
  m_PreserveUVs: 0
  m_IgnoreNormalsForChartDetection: 0
  m_ImportantGI: 0
  m_StitchLightmapSeams: 0
  m_SelectedEditorRenderState: 0
  m_MinimumChartSize: 4
  m_AutoUVMaxDistance: 0.5
  m_AutoUVMaxAngle: 89
  m_LightmapParameters: {fileID: 0}
  m_SortingLayerID: 0
  m_SortingLayer: 0
  m_SortingOrder: 0
  m_Sprite: {fileID: 21300000, guid: a315619d7efef4f9e8e1a29c9de94547, type: 3}
  m_Color: {r: 1, g: 1, b: 1, a: 1}
  m_FlipX: 0
  m_FlipY: 0
  m_DrawMode: 0
  m_Size: {x: 5.76, y: 5.76}
  m_AdaptiveModeThreshold: 0.5
  m_SpriteTileMode: 0
  m_WasSpriteAssigned: 1
  m_MaskInteraction: 0
--- !u!114 &2066795785 stripped
MonoBehaviour:
  m_PrefabParentObject: {fileID: 114414497132418382, guid: 0847309a5d8df4536867aa60bed37d63,
    type: 2}
  m_PrefabInternal: {fileID: 689183416}
  m_Script: {fileID: 11500000, guid: 5547955938c5444878001ae57695a3a2, type: 3}
--- !u!1001 &2135271126
Prefab:
  m_ObjectHideFlags: 0
  serializedVersion: 2
  m_Modification:
    m_TransformParent: {fileID: 0}
    m_Modifications:
    - target: {fileID: 4841661631865990, guid: 0847309a5d8df4536867aa60bed37d63, type: 2}
      propertyPath: m_LocalPosition.x
      value: 0
      objectReference: {fileID: 0}
    - target: {fileID: 4841661631865990, guid: 0847309a5d8df4536867aa60bed37d63, type: 2}
      propertyPath: m_LocalPosition.y
      value: 0
      objectReference: {fileID: 0}
    - target: {fileID: 4841661631865990, guid: 0847309a5d8df4536867aa60bed37d63, type: 2}
      propertyPath: m_LocalPosition.z
      value: 0
      objectReference: {fileID: 0}
    - target: {fileID: 4841661631865990, guid: 0847309a5d8df4536867aa60bed37d63, type: 2}
      propertyPath: m_LocalRotation.x
      value: 0
      objectReference: {fileID: 0}
    - target: {fileID: 4841661631865990, guid: 0847309a5d8df4536867aa60bed37d63, type: 2}
      propertyPath: m_LocalRotation.y
      value: 0
      objectReference: {fileID: 0}
    - target: {fileID: 4841661631865990, guid: 0847309a5d8df4536867aa60bed37d63, type: 2}
      propertyPath: m_LocalRotation.z
      value: 0
      objectReference: {fileID: 0}
    - target: {fileID: 4841661631865990, guid: 0847309a5d8df4536867aa60bed37d63, type: 2}
      propertyPath: m_LocalRotation.w
      value: 1
      objectReference: {fileID: 0}
    - target: {fileID: 4841661631865990, guid: 0847309a5d8df4536867aa60bed37d63, type: 2}
      propertyPath: m_RootOrder
      value: 15
      objectReference: {fileID: 0}
    - target: {fileID: 1519394423414924, guid: 0847309a5d8df4536867aa60bed37d63, type: 2}
      propertyPath: m_Name
      value: Sprint
      objectReference: {fileID: 0}
    - target: {fileID: 212352109864724200, guid: 0847309a5d8df4536867aa60bed37d63,
        type: 2}
      propertyPath: m_Enabled
      value: 0
      objectReference: {fileID: 0}
    - target: {fileID: 114414497132418382, guid: 0847309a5d8df4536867aa60bed37d63,
        type: 2}
      propertyPath: dialogue.Array.data[0]
      value: Enable sprint
      objectReference: {fileID: 0}
    - target: {fileID: 114414497132418382, guid: 0847309a5d8df4536867aa60bed37d63,
        type: 2}
      propertyPath: enableEnergy
      value: 1
      objectReference: {fileID: 0}
    - target: {fileID: 114414497132418382, guid: 0847309a5d8df4536867aa60bed37d63,
        type: 2}
      propertyPath: triggerNextDialogue
      value: 
      objectReference: {fileID: 1053606075}
    - target: {fileID: 114414497132418382, guid: 0847309a5d8df4536867aa60bed37d63,
        type: 2}
      propertyPath: enableSprint
      value: 1
      objectReference: {fileID: 0}
    - target: {fileID: 114414497132418382, guid: 0847309a5d8df4536867aa60bed37d63,
        type: 2}
      propertyPath: freezeGameplay
      value: 1
      objectReference: {fileID: 0}
    m_RemovedComponents: []
  m_ParentPrefab: {fileID: 100100000, guid: 0847309a5d8df4536867aa60bed37d63, type: 2}
  m_IsPrefabParent: 0
